data,type,rate,amount,total
2019-05-04 09:50:23,buy,5643.39,0.0045,25.395255
2019-05-04 09:50:23,buy,5643.39,0.0068,38.375052
2019-05-04 09:50:24,buy,5643.39,0.2341,1321.117599
2019-05-04 09:50:24,sell,5644.99,0.0002,1.128998
2019-05-04 09:50:25,buy,5643.39,0.0064,36.117696
2019-05-04 09:50:25,sell,5644.2,0.0721,406.94682
2019-05-04 09:50:25,sell,5644.98,0.3,1693.494
2019-05-04 09:50:25,sell,5645,0.0123,69.4335
2019-05-04 09:50:25,sell,5645.85,0.3629,2048.878965
2019-05-04 09:50:26,buy,5643.39,0.0052,29.345628
2019-05-04 09:50:27,buy,5643.39,0.3,1693.017
2019-05-04 09:50:28,buy,5643.39,0.0039,22.009221
2019-05-04 09:50:28,buy,5643.39,0.1794,1012.424166
2019-05-04 09:50:28,buy,5642.17,0.0085,47.958445
2019-05-04 09:50:29,sell,5645.84,0.3,1693.752
2019-05-04 09:50:29,sell,5645.85,0.05,282.2925
2019-05-04 09:50:29,sell,5645.86,0.003,16.93758
2019-05-04 09:50:29,buy,5647.37,0.1832,1034.598184
2019-05-04 09:50:29,buy,5647.37,0.0596,336.583252
2019-05-04 09:50:30,buy,5647.37,0.004,22.58948
2019-05-04 09:50:30,buy,5647.37,0.0042,23.718954
2019-05-04 09:50:30,buy,5647.37,0.0048,27.107376
2019-05-04 09:50:31,buy,5647.37,0.0844,476.638028
2019-05-04 09:50:31,buy,5647.37,0.005,28.23685
2019-05-04 09:50:31,buy,5647.37,0.0044,24.848428
2019-05-04 09:50:31,buy,5647.37,0.006,33.88422
2019-05-04 09:50:31,buy,5647.37,0.0025,14.118425
2019-05-04 09:50:32,buy,5647.37,0.01,56.4737
2019-05-04 09:50:32,buy,5647.37,0.005,28.23685
2019-05-04 09:50:32,buy,5647.37,0.0089,50.261593
2019-05-04 09:50:33,buy,5645,0.003,16.935
2019-05-04 09:50:33,buy,5645,0.097,547.565
2019-05-04 09:50:34,sell,5648.26,0.002,11.29652
2019-05-04 09:50:34,buy,5645,0.0162,91.449
2019-05-04 09:50:34,buy,5642.17,0.0837,472.249629
2019-05-04 09:50:35,buy,5642.17,0.0162,91.403154
2019-05-04 09:50:35,sell,5648.23,0.1,564.823
2019-05-04 09:50:36,buy,5643.39,0.0354,199.776006
2019-05-04 09:50:36,buy,5642.17,0.2471,1394.180207
2019-05-04 09:50:36,buy,5642.17,0.0205,115.664485
2019-05-04 09:50:39,buy,5630.86,0.003,16.89258
2019-05-04 09:50:40,sell,5636.53,0.0055,31.000915
2019-05-04 09:50:40,sell,5640.23,0.0721,406.660583
2019-05-04 09:50:40,sell,5643.39,0.0882,497.746998
2019-05-04 09:50:40,sell,5645.95,0.0558,315.04401
2019-05-04 09:50:41,sell,5644.31,0.008,45.15448
2019-05-04 09:50:50,buy,5626.99,0.05,281.3495
2019-05-04 09:50:50,buy,5626.98,0.05,281.349
2019-05-04 09:50:57,buy,5636.53,0.0011,6.200183
2019-05-04 09:50:58,buy,5636.53,0.0023,12.964019
2019-05-04 09:51:01,buy,5636.53,0.0021,11.836713
2019-05-04 09:51:18,buy,5635,0.0122,68.747
2019-05-04 09:51:18,buy,5635,0.0081,45.6435
2019-05-04 09:51:23,sell,5635,0.0015,8.4525
2019-05-04 09:51:24,sell,5636.52,0.005,28.1826
2019-05-04 09:51:24,sell,5636.53,0.0084,47.346852
2019-05-04 09:51:25,buy,5637.46,0.0086,48.482156
2019-05-04 09:51:27,sell,5632.16,0.1734,976.616544
2019-05-04 09:51:28,sell,5632.16,0.0001,0.563216
2019-05-04 09:51:29,buy,5632.15,0.0007,3.942505
2019-05-04 09:51:32,sell,5645.8,0.3,1693.74
2019-05-04 09:51:32,sell,5645.8,0.0577,325.76266
2019-05-04 09:51:35,buy,5635,0.4929,2777.4915
2019-05-04 09:51:35,buy,5634.02,0.0072,40.564944
2019-05-04 09:51:42,buy,5634.02,0.0029,16.338658
2019-05-04 09:51:46,buy,5634.07,0.05,281.7035
2019-05-04 09:51:48,sell,5634.06,0.0151,85.074306
2019-05-04 09:51:48,sell,5634.06,0.0084,47.326104
2019-05-04 09:51:54,sell,5631.04,0.0059,33.223136
2019-05-04 09:51:55,sell,5631.04,0.4577,2577.327008
2019-05-04 09:51:55,sell,5634.02,0.0038,21.409276
2019-05-04 09:51:55,sell,5634.06,0.5113,2880.694878
2019-05-04 09:51:56,sell,5634.06,0.0001,0.563406
2019-05-04 09:52:00,buy,5636.68,0.1615,910.32382
2019-05-04 09:52:04,sell,5648.08,3.7013,20905.238504
2019-05-04 09:52:07,buy,5640.92,0.0721,406.710332
2019-05-04 09:52:07,buy,5636.69,0.05,281.8345
2019-05-04 09:52:07,sell,5636.68,1.2831,7232.424108
2019-05-04 09:52:07,sell,5650.19,0.0043,24.295817
2019-05-04 09:52:07,buy,5637,0.0181,102.0297
2019-05-04 09:52:31,sell,5650.2,0.0112,63.28224
2019-05-04 09:52:32,buy,5645.03,0.0017,9.596551
2019-05-04 09:52:36,buy,5645.05,0.0039,22.015695
2019-05-04 09:52:39,buy,5650.2,0.0068,38.42136
2019-05-04 09:52:40,sell,5655,0.0282,159.471
2019-05-04 09:52:42,buy,5650.2,0.0015,8.4753
2019-05-04 09:52:46,buy,5652,0.0959,542.0268
2019-05-04 09:52:47,buy,5652,0.0294,166.1688
2019-05-04 09:52:48,buy,5652,0.05,282.6
2019-05-04 09:52:50,buy,5652,0.1326,749.4552
2019-05-04 09:52:56,sell,5654.99,0.0133,75.211367
2019-05-04 09:52:56,sell,5655,0.1718,971.529
2019-05-04 09:52:59,buy,5655,0.1331,752.6805
2019-05-04 09:53:01,buy,5655,0.0001,0.5655
2019-05-04 09:53:03,buy,5654.73,0.0133,75.207909
2019-05-04 09:53:05,sell,5655,0.499,2821.845
2019-05-04 09:53:05,sell,5655.86,0.003,16.96758
2019-05-04 09:53:05,sell,5655.86,0.0022,12.442892
2019-05-04 09:53:08,sell,5655.86,0.0008,4.524688
2019-05-04 09:53:10,buy,5654.73,0.18,1017.8514
2019-05-04 09:53:11,sell,5655.53,0.0388,219.434564
2019-05-04 09:53:12,sell,5655,0.018,101.79
2019-05-04 09:53:21,buy,5655.85,0.0071,40.156535
2019-05-04 09:53:23,sell,5659,0.0981,555.1479
2019-05-04 09:53:23,sell,5660.03,0.1727,977.487181
2019-05-04 09:53:26,buy,5655.85,0.0009,5.090265
2019-05-04 09:53:28,buy,5655.85,0.1023,578.593455
2019-05-04 09:53:28,buy,5655.82,0.062,350.66084
2019-05-04 09:53:28,buy,5655.53,0.01,56.5553
2019-05-04 09:53:28,buy,5655,0.7777,4397.8935
2019-05-04 09:53:41,buy,5656,0.0012,6.7872
2019-05-04 09:53:41,buy,5656,0.0289,163.4584
2019-05-04 09:53:41,buy,5655.01,0.0007,3.958507
2019-05-04 09:53:42,buy,5655.01,0.0032,18.096032
2019-05-04 09:53:43,buy,5655.01,0.0023,13.006523
2019-05-04 09:53:43,buy,5655.01,0.1876,1060.879876
2019-05-04 09:53:45,buy,5655,0.0018,10.179
2019-05-04 09:53:46,buy,5655,0.0003,1.6965
2019-05-04 09:53:47,buy,5655,0.0016,9.048
2019-05-04 09:53:48,sell,5657,0.0804,454.8228
2019-05-04 09:53:48,sell,5658.51,0.1878,1062.668178
2019-05-04 09:53:51,buy,5655.05,0.042,237.5121
2019-05-04 09:53:51,buy,5655,0.2188,1237.314
2019-05-04 09:53:51,buy,5655,0.0677,382.8435
2019-05-04 09:53:51,buy,5655,0.2499,1413.1845
2019-05-04 09:53:52,buy,5655,0.0001,0.5655
2019-05-04 09:53:52,buy,5654.73,0.1297,733.418481
2019-05-04 09:53:52,sell,5656.99,0.001,5.65699
2019-05-04 09:53:52,sell,5658.51,0.05,282.9255
2019-05-04 09:53:52,buy,5656.99,0.0064,36.204736
2019-05-04 09:53:53,sell,5658.5,0.0081,45.83385
2019-05-04 09:53:54,buy,5654.73,0.0021,11.874933
2019-05-04 09:53:55,buy,5654.73,0.0004,2.261892
2019-05-04 09:53:57,sell,5654,0.3039,1718.2506
2019-05-04 09:53:58,buy,5656,0.4375,2474.5
2019-05-04 09:53:58,buy,5652,0.0048,27.1296
2019-05-04 09:53:59,buy,5652,0.0006,3.3912
2019-05-04 09:53:59,buy,5652,0.0049,27.6948
2019-05-04 09:53:59,buy,5652,0.0375,211.95
2019-05-04 09:54:07,buy,5652,0.0682,385.4664
2019-05-04 09:54:11,buy,5650.2,0.0037,20.90574
2019-05-04 09:54:11,buy,5650.2,0.1759,993.87018
2019-05-04 09:54:11,buy,5650.2,0.3829,2163.46158
2019-05-04 09:54:12,buy,5650.2,0.514,2904.2028
2019-05-04 09:54:12,buy,5650.07,0.002,11.30014
2019-05-04 09:54:22,buy,5637.65,0.1,563.765
2019-05-04 09:54:39,buy,5647.37,0.003,16.94211
2019-05-04 09:54:39,sell,5644,0.1263,712.8372
2019-05-04 09:54:42,buy,5640.01,0.1,564.001
2019-05-04 09:54:47,sell,5650.06,0.002,11.30012
2019-05-04 09:54:50,buy,5640,0.0115,64.86
2019-05-04 09:54:58,sell,5649,0.003,16.947
2019-05-04 09:55:05,buy,5641.61,0.0721,406.760081
2019-05-04 09:55:05,buy,5640,0.0885,499.14
2019-05-04 09:55:06,sell,5640,0.1394,786.216
2019-05-04 09:55:07,sell,5649,0.7651,4322.0499
2019-05-04 09:55:08,sell,5649,0.0172,97.1628
2019-05-04 09:55:08,sell,5650.2,0.1519,858.26538
2019-05-04 09:55:08,sell,5650.2,0.8043,4544.45586
2019-05-04 09:55:09,sell,5650.2,0.1231,695.53962
2019-05-04 09:55:09,sell,5650.2,0.1769,999.52038
2019-05-04 09:55:09,sell,5650.2,0.0309,174.59118
2019-05-04 09:55:10,sell,5650.2,0.3,1695.06
2019-05-04 09:55:10,sell,5650.2,0.1617,913.63734
2019-05-04 09:55:10,sell,5655.58,0.002,11.31116
2019-05-04 09:55:10,sell,5656,0.1596,902.6976
2019-05-04 09:55:16,sell,5656,0.005,28.28
2019-05-04 09:55:16,sell,5656,0.2297,1299.1832
2019-05-04 09:55:30,buy,5656.01,0.0026,14.705626
2019-05-04 09:55:31,buy,5656.01,0.0021,11.877621
2019-05-04 09:55:32,buy,5656.01,0.0099,55.994499
2019-05-04 09:55:32,buy,5656,0.0478,270.3568
2019-05-04 09:55:33,buy,5656,0.0001,0.5656
2019-05-04 09:55:33,buy,5650,0.0426,240.69
2019-05-04 09:55:43,buy,5650,0.0026,14.69
2019-05-04 09:55:51,buy,5650,0.0151,85.315
2019-05-04 09:55:53,buy,5650,0.0071,40.115
2019-05-04 09:55:53,sell,5651.07,0.0353,199.482771
2019-05-04 09:56:00,buy,5650.01,0.0008,4.520008
2019-05-04 09:56:00,sell,5651.82,0.02,113.0364
2019-05-04 09:56:02,buy,5650.01,0.3,1695.003
2019-05-04 09:56:02,buy,5650.01,0.0055,31.075055
2019-05-04 09:56:03,buy,5650.01,0.0055,31.075055
2019-05-04 09:56:04,buy,5650.01,1.0319,5830.245319
2019-05-04 09:56:04,buy,5650.01,0.0598,337.870598
2019-05-04 09:56:04,buy,5650,0.015,84.75
2019-05-04 09:56:04,buy,5650,6.1533,34766.145
2019-05-04 09:56:07,buy,5650,3.8467,21733.855
2019-05-04 09:56:26,buy,5641.12,0.006,33.84672
2019-05-04 09:56:28,buy,5640.08,0.0203,114.493624
2019-05-04 09:56:28,buy,5640.08,0.0201,113.365608
2019-05-04 09:56:29,buy,5637.65,0.002,11.2753
2019-05-04 09:56:31,sell,5640,0.1266,714.024
2019-05-04 09:56:31,sell,5642.09,0.54,3046.7286
2019-05-04 09:56:31,sell,5642.09,0.05,282.1045
2019-05-04 09:56:31,sell,5642.09,0.6459,3644.225931
2019-05-04 09:56:31,sell,5642.1,0.0721,406.79541
2019-05-04 09:56:31,sell,5647.63,0.1901,1073.614463
2019-05-04 09:56:31,sell,5647.64,0.0133,75.113612
2019-05-04 09:56:31,sell,5647.65,0.02,112.953
2019-05-04 09:56:40,buy,5640.08,0.0036,20.304288
2019-05-04 09:56:41,buy,5640.08,0.0106,59.784848
2019-05-04 09:56:46,buy,5640.08,0.011,62.04088
2019-05-04 09:56:46,buy,5640.08,0.01,56.4008
2019-05-04 09:56:47,buy,5640.08,0.0106,59.784848
2019-05-04 09:56:47,buy,5640.08,0.01,56.4008
2019-05-04 09:56:47,buy,5640.08,0.0769,433.722152
2019-05-04 09:56:58,sell,5638.65,0.0653,368.203845
2019-05-04 09:57:06,sell,5636.58,0.0013,7.327554
2019-05-04 09:57:12,sell,5638.65,0.1235,696.373275
2019-05-04 09:57:12,sell,5638.65,0.0282,159.00993
2019-05-04 09:57:24,sell,5638.65,0.0138,77.81337
2019-05-04 09:57:24,sell,5638.65,0.01,56.3865
2019-05-04 09:57:30,buy,5630.1,0.35,1970.535
2019-05-04 09:57:30,buy,5630,8.09,45546.7
2019-05-04 09:57:31,buy,5630,0.8351,4701.613
2019-05-04 09:57:33,buy,5630,0.7601,4279.363
2019-05-04 09:57:33,buy,5630,2,11260
2019-05-04 09:57:33,buy,5630,0.0266,149.758
2019-05-04 09:57:36,sell,5629.99,0.0603,339.488397
2019-05-04 09:57:41,buy,5621.63,0.0028,15.740564
2019-05-04 09:57:41,buy,5621.63,0.0027,15.178401
2019-05-04 09:57:41,buy,5621.63,0.0039,21.924357
2019-05-04 09:57:41,buy,5621.62,0.0667,374.962054
2019-05-04 09:57:50,sell,5630,0.0427,240.401
2019-05-04 09:57:56,sell,5630,0.0151,85.013
2019-05-04 09:57:59,sell,5630,0.0311,175.093
2019-05-04 09:57:59,sell,5630,0.0134,75.442
2019-05-04 09:58:04,buy,5630,0.038,213.94
2019-05-04 09:58:11,buy,5630,0.0082,46.166
2019-05-04 09:58:11,buy,5630,0.0454,255.602
2019-05-04 09:58:12,buy,5622,0.001,5.622
2019-05-04 09:58:12,buy,5621.76,0.005,28.1088
2019-05-04 09:58:12,buy,5621.66,0.0319,179.330954
2019-05-04 09:58:18,buy,5630,0.0082,46.166
2019-05-04 09:58:22,buy,5630,0.0318,179.034
2019-05-04 09:58:22,buy,5623.16,0.0721,405.429836
2019-05-04 09:58:22,buy,5623,0.0791,444.7793
2019-05-04 09:58:23,sell,5623,0.3488,1961.3024
2019-05-04 09:58:40,sell,5631.35,0.0081,45.613935
2019-05-04 09:58:41,sell,5631.35,0.1799,1013.079865
2019-05-04 09:58:47,sell,5631.35,0.0783,440.934705
2019-05-04 09:58:48,sell,5631.35,0.0783,440.934705
2019-05-04 09:58:48,sell,5630,0.0052,29.276
2019-05-04 09:58:49,sell,5630,0.0783,440.829
2019-05-04 09:58:50,sell,5630,0.0783,440.829
2019-05-04 09:58:54,sell,5630,0.0202,113.726
2019-05-04 09:58:56,sell,5630,0.0028,15.764
2019-05-04 09:58:59,sell,5630,0.0003,1.689
2019-05-04 09:59:08,sell,5630,0.0183,103.029
2019-05-04 09:59:09,sell,5630,0.0055,30.965
2019-05-04 09:59:10,sell,5630,0.1056,594.528
2019-05-04 09:59:12,buy,5630,0.1,563
2019-05-04 09:59:15,buy,5630,0.0347,195.361
2019-05-04 09:59:15,sell,5631.35,0.0592,333.37592
2019-05-04 09:59:16,sell,5631.35,0.0592,333.37592
2019-05-04 09:59:18,sell,5631.35,0.0947,533.288845
2019-05-04 09:59:19,sell,5631.35,0.5581,3142.856435
2019-05-04 09:59:23,sell,5631.34,0.002,11.26268
2019-05-04 09:59:23,sell,5631.35,0.1105,622.264175
2019-05-04 09:59:34,sell,5631.32,0.0015,8.44698
2019-05-04 09:59:34,sell,5631.35,0.1777,1000.690895
2019-05-04 09:59:35,buy,5630,0.8444,4753.972
2019-05-04 09:59:38,sell,5631.34,0.001,5.63134
2019-05-04 09:59:39,buy,5630,0.2833,1594.979
2019-05-04 09:59:41,sell,5631.34,0.0002,1.126268
2019-05-04 09:59:42,buy,5631.34,0.0009,5.068206
2019-05-04 09:59:43,buy,5631.34,0.0006,3.378804
2019-05-04 09:59:46,sell,5631.35,1.1689,6582.485015
2019-05-04 09:59:51,sell,5641.05,0.1894,1068.41487
2019-05-04 09:59:56,buy,5639.7,0.006,33.8382
2019-05-04 09:59:56,buy,5639.7,0.2633,1484.93301
2019-05-04 09:59:56,buy,5631.35,0.006,33.7881
2019-05-04 10:00:00,sell,5639.6,0.0721,406.61516
2019-05-04 10:00:00,sell,5641.04,0.0118,66.564272
2019-05-04 10:00:56,sell,5640,0.2666,1503.624
2019-05-04 10:00:56,sell,5640,0.0104,58.656
2019-05-04 10:01:00,sell,5641.03,0.0086,48.512858
2019-05-04 10:01:22,sell,5650,2,11300
2019-05-04 10:01:28,buy,5650.01,0.0008,4.520008
2019-05-04 10:01:28,buy,5650,0.2658,1501.77
2019-05-04 10:01:29,buy,5650.01,0.0028,15.820028
2019-05-04 10:01:30,buy,5650.01,0.0001,0.565001
2019-05-04 10:01:31,sell,5650.01,0.0028,15.820028
2019-05-04 10:01:35,buy,5650,0.002,11.3
2019-05-04 10:01:36,sell,5650.73,0.002,11.30146
2019-05-04 10:01:36,sell,5650.73,0.1302,735.725046
2019-05-04 10:01:44,buy,5650,1.5322,8656.93
2019-05-04 10:01:52,sell,5650.01,0.0011,6.215011
2019-05-04 10:01:52,sell,5650.72,0.002,11.30144
2019-05-04 10:01:52,sell,5650.73,0.006,33.90438
2019-05-04 10:01:52,sell,5651.05,0.5403,3053.262315
2019-05-04 10:01:52,sell,5654.51,0.0721,407.690171
2019-05-04 10:01:52,sell,5659.49,0.379,2144.94671
2019-05-04 10:01:52,sell,5659.5,0.2471,1398.46245
2019-05-04 10:01:52,sell,5659.55,0.1275,721.592625
2019-05-04 10:01:52,sell,5659.99,0.0319,180.553681
2019-05-04 10:01:53,buy,5660,0.4055,2295.13
2019-05-04 10:01:53,buy,5660,0.0316,178.856
2019-05-04 10:01:53,buy,5660,0.0206,116.596
2019-05-04 10:01:53,buy,5660,0.0201,113.766
2019-05-04 10:02:02,sell,5654,0.01,56.54
2019-05-04 10:02:02,sell,5654,0.01,56.54
2019-05-04 10:02:02,sell,5654,0.012,67.848
2019-05-04 10:02:02,sell,5654,0.0051,28.8354
2019-05-04 10:02:07,buy,5654,0.0061,34.4894
2019-05-04 10:02:07,buy,5654,0.004,22.616
2019-05-04 10:02:08,buy,5654,0.0011,6.2194
2019-05-04 10:02:16,buy,5654,0.0009,5.0886
2019-05-04 10:02:17,buy,5654,0.025,141.35
2019-05-04 10:02:20,buy,5650,0.0034,19.21
2019-05-04 10:02:25,buy,5650,0.0008,4.52
2019-05-04 10:02:26,sell,5657.75,0.0588,332.6757
2019-05-04 10:03:11,sell,5652.1,0.0067,37.86907
2019-05-04 10:03:29,buy,5651,0.1668,942.5868
2019-05-04 10:03:35,buy,5650,0.0111,62.715
2019-05-04 10:03:37,sell,5651,0.18,1017.18
2019-05-04 10:03:39,buy,5650,0.5202,2939.13
2019-05-04 10:03:39,buy,5650,0.0276,155.94
2019-05-04 10:03:39,buy,5650,0.1,565
2019-05-04 10:03:46,sell,5649,0.0894,505.0206
2019-05-04 10:03:46,sell,5651,0.1106,625.0006
2019-05-04 10:03:53,buy,5646.79,0.3,1694.037
2019-05-04 10:04:02,sell,5650.99,0.0266,150.316334
2019-05-04 10:04:04,sell,5650.99,0.096,542.49504
2019-05-04 10:04:08,sell,5650.99,0.0069,38.991831
2019-05-04 10:04:11,buy,5646.84,0.2013,1136.708892
2019-05-04 10:04:13,sell,5650.99,0.0024,13.562376
2019-05-04 10:04:14,sell,5650.99,0.0888,501.807912
2019-05-04 10:04:14,sell,5651,0.2112,1193.4912
2019-05-04 10:04:16,sell,5651,0.5157,2914.2207
2019-05-04 10:04:22,sell,5652.1,0.0066,37.30386
2019-05-04 10:04:38,sell,5652.1,0.0001,0.56521
2019-05-04 10:04:42,buy,5652.11,0.5463,3087.747693
2019-05-04 10:05:13,buy,5648.15,0.05,282.4075
2019-05-04 10:05:13,buy,5648.14,0.25,1412.035
2019-05-04 10:05:21,buy,5643.08,0.0721,406.866068
2019-05-04 10:05:32,sell,5654.99,0.0032,18.095968
2019-05-04 10:05:39,sell,5654.98,0.0058,32.798884
2019-05-04 10:06:05,sell,5649.3,0.001,5.6493
2019-05-04 10:06:06,sell,5649.3,0.0008,4.51944
2019-05-04 10:06:07,sell,5649.3,0.0009,5.08437
2019-05-04 10:06:23,sell,5649.3,0.0627,354.21111
2019-05-04 10:07:12,buy,5649.31,0.015,84.73965
2019-05-04 10:07:12,buy,5648.52,0.0095,53.66094
2019-05-04 10:07:13,buy,5648.52,0.0101,57.050052
2019-05-04 10:07:18,sell,5653.92,0.2436,1377.294912
2019-05-04 10:07:18,buy,5649.32,0.1,564.932
2019-05-04 10:07:18,buy,5644.8,0.014,79.0272
2019-05-04 10:07:18,buy,5643.1,0.0019,10.72189
2019-05-04 10:07:18,buy,5640.1,0.0002,1.12802
2019-05-04 10:07:18,buy,5640,0.02,112.8
2019-05-04 10:07:18,buy,5639,0.0638,359.7682
2019-05-04 10:07:29,buy,5648.08,0.3536,1997.161088
2019-05-04 10:07:45,buy,5639.5,0.4668,2632.5186
2019-05-04 10:07:45,buy,5639.49,0.0309,174.260241
2019-05-04 10:07:57,buy,5639.52,0.3,1691.856
2019-05-04 10:08:02,sell,5639.52,0.005,28.1976
2019-05-04 10:08:03,buy,5639.5,1.7092,9639.0334
2019-05-04 10:08:09,sell,5639.52,0.0773,435.934896
2019-05-04 10:08:10,sell,5639.52,0.089,501.91728
2019-05-04 10:08:12,sell,5639.52,0.0528,297.766656
2019-05-04 10:08:13,sell,5639.52,0.616,3473.94432
2019-05-04 10:08:17,sell,5639.52,0.3,1691.856
2019-05-04 10:08:19,sell,5639.52,0.1575,888.2244
2019-05-04 10:08:31,sell,5647,0.2499,1411.1853
2019-05-04 10:08:32,sell,5647,0.1925,1087.0475
2019-05-04 10:08:41,sell,5649.28,0.1653,933.825984
2019-05-04 10:08:41,sell,5649.28,0.0196,110.725888
2019-05-04 10:08:46,buy,5649.28,0.0044,24.856832
2019-05-04 10:08:48,buy,5649.28,0.0156,88.128768
2019-05-04 10:08:48,buy,5647,0.0844,476.6068
2019-05-04 10:08:56,buy,5647,0.0231,130.4457
2019-05-04 10:08:56,buy,5647,0.002,11.294
2019-05-04 10:09:16,buy,5639.54,0.0023,12.970942
2019-05-04 10:09:16,buy,5639.54,0.1379,777.692566
2019-05-04 10:09:39,buy,5640,0.8943,5043.852
2019-05-04 10:09:39,buy,5640,0.25,1410
2019-05-04 10:09:42,buy,5639.54,0.1138,641.779652
2019-05-04 10:09:42,buy,5639.54,0.0332,187.232728
2019-05-04 10:09:42,buy,5639.54,0.0038,21.430252
2019-05-04 10:09:42,buy,5639.54,0.4426,2496.060404
2019-05-04 10:09:42,buy,5639.52,0.1031,581.434512
2019-05-04 10:09:42,buy,5639.52,2.5,14098.8
2019-05-04 10:09:42,buy,5639.5,0.0358,201.8941
2019-05-04 10:09:42,buy,5639.47,0.012,67.67364
2019-05-04 10:09:48,sell,5643.61,0.0531,299.675691
2019-05-04 10:09:49,buy,5639.02,0.0121,68.232142
2019-05-04 10:10:06,sell,5643.64,0.0089,50.228396
2019-05-04 10:10:06,sell,5649.28,0.5217,2947.229376
2019-05-04 10:10:29,buy,5649.24,0.282,1593.08568
2019-05-04 10:10:29,buy,5649.24,0.9663,5458.860612
2019-05-04 10:10:30,buy,5640,0.0453,255.492
2019-05-04 10:10:30,buy,5640,0.01,56.4
2019-05-04 10:10:30,buy,5640,0.0171,96.444
2019-05-04 10:10:30,buy,5639.02,0.0108,60.901416
2019-05-04 10:10:30,buy,5639,0.2283,1287.3837
2019-05-04 10:10:51,buy,5639,0.9847,5552.7233
2019-05-04 10:10:51,buy,5639,0.0515,290.4085
2019-05-04 10:10:51,buy,5638,0.1721,970.2998
2019-05-04 10:10:57,buy,5638,0.0845,476.411
2019-05-04 10:11:03,buy,5638,0.6303,3553.6314
2019-05-04 10:11:03,buy,5638,0.2,1127.6
2019-05-04 10:11:06,buy,5637.13,0.0027,15.220251
2019-05-04 10:11:17,buy,5635,0.0089,50.1515
2019-05-04 10:11:17,buy,5635,1.34,7550.9
2019-05-04 10:11:18,sell,5638.98,0.0013,7.330674
2019-05-04 10:11:18,sell,5638.98,0.0087,49.059126
2019-05-04 10:11:20,buy,5633.82,2,11267.64
2019-05-04 10:11:20,buy,5633.82,0.0111,62.535402
2019-05-04 10:11:20,buy,5633.82,0.0106,59.718492
2019-05-04 10:11:23,buy,5637.13,0.005,28.18565
2019-05-04 10:11:23,buy,5631.37,0.0049,27.593713
2019-05-04 10:11:23,buy,5631.37,0.0071,39.982727
2019-05-04 10:11:26,buy,5630,0.0869,489.247
2019-05-04 10:11:35,sell,5630,0.0002,1.126
2019-05-04 10:11:47,buy,5627.03,0.0218,122.669254
2019-05-04 10:11:56,buy,5622.03,0.0218,122.560254
2019-05-04 10:11:56,buy,5622,0.0089,50.0358
2019-05-04 10:11:56,sell,5621.77,0.3,1686.531
2019-05-04 10:11:58,sell,5622.08,0.021,118.06368
2019-05-04 10:12:11,buy,5621.64,0.0247,138.854508
2019-05-04 10:12:11,sell,5622.05,0.006,33.7323
2019-05-04 10:12:17,buy,5621.64,0.2135,1200.22014
2019-05-04 10:12:19,buy,5621.62,0.8212,4616.474344
2019-05-04 10:12:19,buy,5620.86,0.003,16.86258
2019-05-04 10:12:20,sell,5621.64,0.0241,135.481524
2019-05-04 10:12:22,buy,5620,1.25,7025
2019-05-04 10:12:22,buy,5620,0.001,5.62
2019-05-04 10:12:30,buy,5620,0.0714,401.268
2019-05-04 10:12:33,buy,5620,0.0046,25.852
2019-05-04 10:12:40,buy,5620,0.7515,4223.43
2019-05-04 10:12:40,buy,5620,0.0939,527.718
2019-05-04 10:12:41,buy,5620,0.0414,232.668
2019-05-04 10:12:46,buy,5620,0.001,5.62
2019-05-04 10:12:47,sell,5621.59,0.0019,10.681021
2019-05-04 10:12:49,buy,5620,0.2014,1131.868
2019-05-04 10:12:49,buy,5620,0.074,415.88
2019-05-04 10:12:49,buy,5619.73,0.0999,561.411027
2019-05-04 10:12:51,buy,5620.8,0.053,297.9024
2019-05-04 10:12:51,buy,5619.73,0.0231,129.815763
2019-05-04 10:12:51,buy,5617.64,1.0029,5633.931156
2019-05-04 10:12:52,buy,5617.64,1.8171,10207.813644
2019-05-04 10:12:52,buy,5617.64,0.1308,734.787312
2019-05-04 10:12:52,buy,5617.64,3.7159,20874.588476
2019-05-04 10:12:52,buy,5617.64,0.01,56.1764
2019-05-04 10:12:52,buy,5615,1.9062,10703.313
2019-05-04 10:12:53,sell,5616.12,0.0018,10.109016
2019-05-04 10:12:54,sell,5621.56,0.01,56.2156
2019-05-04 10:12:55,buy,5615,0.1744,979.256
2019-05-04 10:12:58,buy,5612,0.0004,2.2448
2019-05-04 10:12:58,buy,5610.2,0.01,56.102
2019-05-04 10:12:58,buy,5610,0.9156,5136.516
2019-05-04 10:12:58,buy,5610,0.1126,631.686
2019-05-04 10:12:58,buy,5608.48,0.0478,268.085344
2019-05-04 10:12:58,buy,5605.86,0.003,16.81758
2019-05-04 10:12:58,buy,5605.86,0.003,16.81758
2019-05-04 10:12:59,sell,5605.52,0.0123,68.947896
2019-05-04 10:13:00,sell,5610,0.0114,63.954
2019-05-04 10:13:01,buy,5603.03,0.1,560.303
2019-05-04 10:13:01,buy,5603.02,0.3,1680.906
2019-05-04 10:13:01,buy,5603,0.05,280.15
2019-05-04 10:13:04,buy,5602,0.001,5.602
2019-05-04 10:13:04,buy,5600.01,0.01,56.0001
2019-05-04 10:13:04,buy,5600,1.3782,7717.92
2019-05-04 10:13:04,buy,5600,0.001,5.6
2019-05-04 10:13:07,buy,5596.76,0.002,11.19352
2019-05-04 10:13:12,sell,5613.99,0.0218,122.384982
2019-05-04 10:13:12,buy,5596.78,0.3,1679.034
2019-05-04 10:13:12,buy,5596.01,0.055,307.78055
2019-05-04 10:13:12,buy,5596.01,0.2294,1283.724694
2019-05-04 10:13:12,buy,5595.86,0.003,16.78758
2019-05-04 10:13:12,buy,5593.3,0.799,4469.0467
2019-05-04 10:13:12,buy,5591.46,0.4916,2748.761736
2019-05-04 10:13:26,buy,5605.98,0.0864,484.356672
2019-05-04 10:13:28,buy,5605.98,0.672,3767.21856
2019-05-04 10:13:35,sell,5617.92,0.0178,99.998976
2019-05-04 10:13:37,buy,5611,0.3035,1702.9385
2019-05-04 10:13:37,buy,5611,0.003,16.833
2019-05-04 10:13:39,buy,5611,1.6935,9502.2285
2019-05-04 10:13:52,sell,5617.95,0.1,561.795
2019-05-04 10:14:03,buy,5617.97,0.408,2292.13176
2019-05-04 10:14:04,buy,5617.97,0.002,11.23594
2019-05-04 10:14:05,sell,5620.83,0.0049,27.542067
2019-05-04 10:14:11,buy,5617.97,0.0298,167.415506
2019-05-04 10:14:12,sell,5620.79,0.0192,107.919168
2019-05-04 10:14:12,sell,5620.8,0.223,1253.4384
2019-05-04 10:14:19,sell,5620.86,0.003,16.86258
2019-05-04 10:14:19,sell,5621.6,0.005,28.108
2019-05-04 10:14:19,sell,5621.62,0.0633,355.848546
2019-05-04 10:14:35,sell,5630,0.0399,224.637
2019-05-04 10:14:39,buy,5621.81,0.0721,405.332501
2019-05-04 10:14:39,buy,5620.87,0.0604,339.500548
2019-05-04 10:14:48,sell,5630,0.0011,6.193
2019-05-04 10:14:51,sell,5630,0.0011,6.193
2019-05-04 10:14:52,sell,5630,0.0209,117.667
2019-05-04 10:14:52,sell,5630,0.4111,2314.493
2019-05-04 10:14:58,buy,5621.98,0.0073,41.040454
2019-05-04 10:15:09,sell,5629.99,0.0891,501.632109
2019-05-04 10:15:16,buy,5625,0.01,56.25
2019-05-04 10:15:18,sell,5624.36,0.0215,120.92374
2019-05-04 10:15:23,sell,5629.99,0.9109,5128.357891
2019-05-04 10:15:23,sell,5630,0.1263,711.069
2019-05-04 10:15:23,sell,5630,0.6651,3744.513
2019-05-04 10:15:23,sell,5630,0.5,2815
2019-05-04 10:15:23,sell,5630,0.8364,4708.932
2019-05-04 10:15:23,sell,5630,0.4514,2541.382
2019-05-04 10:15:24,buy,5629.98,0.1944,1094.468112
2019-05-04 10:15:24,sell,5625,0.0305,171.5625
2019-05-04 10:15:26,sell,5625,0.275,1546.875
2019-05-04 10:15:27,sell,5625,0.0001,0.5625
2019-05-04 10:15:33,sell,5630,0.2135,1202.005
2019-05-04 10:15:33,sell,5630,0.2707,1524.041
2019-05-04 10:15:33,sell,5630.86,0.003,16.89258
2019-05-04 10:15:33,sell,5630.86,0.003,16.89258
2019-05-04 10:15:34,sell,5639,0.3,1691.7
2019-05-04 10:15:42,sell,5630,0.1141,642.383
2019-05-04 10:15:42,sell,5630,0.0042,23.646
2019-05-04 10:15:43,sell,5639,0.1182,666.5298
2019-05-04 10:15:55,buy,5626.73,0.0122,68.646106
2019-05-04 10:16:08,sell,5639,0.2108,1188.7012
2019-05-04 10:16:16,sell,5639,0.0031,17.4809
2019-05-04 10:16:26,sell,5639,0.0196,110.5244
2019-05-04 10:16:26,sell,5639,0.008,45.112
2019-05-04 10:16:35,sell,5639,0.5027,2834.7253
2019-05-04 10:16:35,sell,5639,0.002,11.278
2019-05-04 10:16:35,sell,5639,0.0892,502.9988
2019-05-04 10:16:35,sell,5639,3.4661,19545.3379
2019-05-04 10:16:37,sell,5639,0.1584,893.2176
2019-05-04 10:16:39,sell,5639,1.5869,8948.5291
2019-05-04 10:16:39,sell,5639,0.007,39.473
2019-05-04 10:16:40,buy,5639,0.0162,91.3518
2019-05-04 10:16:42,sell,5639.52,0.0094,53.011488
2019-05-04 10:16:46,buy,5639.01,0.001,5.63901
2019-05-04 10:16:46,buy,5639,0.0554,312.4006
2019-05-04 10:16:49,buy,5639,0.2463,1388.8857
2019-05-04 10:16:49,buy,5633.16,0.0721,406.150836
2019-05-04 10:16:49,buy,5630.89,0.0768,432.452352
2019-05-04 10:16:50,sell,5639.52,0.091,513.19632
2019-05-04 10:16:52,sell,5639.52,0.0531,299.458512
2019-05-04 10:17:06,sell,5639.52,0.1141,643.469232
2019-05-04 10:17:09,sell,5639.52,0.0803,452.853456
2019-05-04 10:17:10,sell,5639.52,0.05,281.976
2019-05-04 10:17:11,buy,5639.51,0.0002,1.127902
2019-05-04 10:17:13,sell,5639.52,0.3,1691.856
2019-05-04 10:17:13,sell,5639.52,0.1433,808.143216
2019-05-04 10:17:15,sell,5639.52,0.7588,4279.267776
2019-05-04 10:17:15,sell,5640,0.3,1692
2019-05-04 10:17:18,sell,5640,0.1999,1127.436
2019-05-04 10:17:22,buy,5639.51,0.0023,12.970873
2019-05-04 10:17:22,buy,5638.23,0.0092,51.871716
2019-05-04 10:17:23,sell,5635.89,0.0207,116.662923
2019-05-04 10:17:23,sell,5635.89,0.1465,825.657885
2019-05-04 10:17:23,sell,5635.89,0.0488,275.031432
2019-05-04 10:17:23,sell,5635.89,0.0285,160.622865
2019-05-04 10:17:23,sell,5635.89,0.0272,153.296208
2019-05-04 10:17:23,sell,5635.89,0.01,56.3589
2019-05-04 10:17:24,sell,5635.89,0.0172,96.937308
2019-05-04 10:17:24,sell,5635.89,0.01,56.3589
2019-05-04 10:17:24,sell,5635.89,0.001,5.63589
2019-05-04 10:17:24,sell,5635.89,0.0947,533.718783
2019-05-04 10:17:24,sell,5635.89,0.0623,351.115947
2019-05-04 10:17:25,sell,5635.89,0.0216,121.735224
2019-05-04 10:17:27,sell,5640,0.0001,0.564
2019-05-04 10:17:46,buy,5634.98,0.2862,1612.731276
2019-05-04 10:17:57,sell,5645,0.1177,664.4165
2019-05-04 10:18:16,sell,5645,0.3,1693.5
2019-05-04 10:18:18,sell,5645,0.0228,128.706
2019-05-04 10:18:23,buy,5636.71,0.549,3094.55379
2019-05-04 10:18:23,buy,5636.7,0.3,1691.01
2019-05-04 10:18:23,buy,5636.68,0.0311,175.300748
2019-05-04 10:18:23,buy,5636.67,0.1361,767.150787
2019-05-04 10:18:31,sell,5639.35,0.0111,62.596785
2019-05-04 10:18:31,sell,5639.35,0.0001,0.563935
2019-05-04 10:18:32,sell,5645,0.0658,371.441
2019-05-04 10:18:32,sell,5645,0.0109,61.5305
2019-05-04 10:18:32,sell,5645,0.002,11.29
2019-05-04 10:18:32,sell,5645.86,0.003,16.93758
2019-05-04 10:18:35,buy,5643.45,0.0013,7.336485
2019-05-04 10:18:35,buy,5639.35,0.0111,62.596785
2019-05-04 10:18:35,buy,5636.73,0.3,1691.019
2019-05-04 10:18:35,buy,5636.68,0.2575,1451.4451
2019-05-04 10:19:10,sell,5649.87,0.0022,12.429714
2019-05-04 10:19:20,sell,5649.87,2.0165,11392.962855
2019-05-04 10:19:23,sell,5649.87,0.00000000,0
2019-05-04 10:19:23,sell,5649.88,0.0775,437.8657
2019-05-04 10:19:26,sell,5649.88,0.3,1694.964
2019-05-04 10:19:26,sell,5649.88,0.1213,685.330444
2019-05-04 10:19:28,sell,5649.88,0.1787,1009.633556
2019-05-04 10:19:29,sell,5649.88,0.05,282.494
2019-05-04 10:19:32,sell,5649.88,0.2605,1471.79374
2019-05-04 10:19:33,sell,5649.88,0.012,67.79856
2019-05-04 10:19:34,sell,5650,0.1894,1070.11
2019-05-04 10:19:34,sell,5650,0.005,28.25
2019-05-04 10:19:34,sell,5650,0.0233,131.645
2019-05-04 10:19:34,sell,5650,0.0625,353.125
2019-05-04 10:19:35,sell,5650,0.2142,1210.23
2019-05-04 10:19:35,sell,5651.47,0.0624,352.651728
2019-05-04 10:19:35,sell,5651.47,0.2,1130.294
2019-05-04 10:19:39,sell,5651.47,0.0808,456.638776
2019-05-04 10:19:41,sell,5651.47,0.3,1695.441
2019-05-04 10:19:42,sell,5651.47,0.3,1695.441
2019-05-04 10:19:46,sell,5651.47,0.5266,2976.064102
2019-05-04 10:19:46,sell,5651.47,0.9245,5224.784015
2019-05-04 10:19:52,sell,5651.47,0.0064,36.169408
2019-05-04 10:19:52,sell,5651.47,1.3096,7401.165112
2019-05-04 10:19:52,sell,5654,2.2358,12641.2132
2019-05-04 10:19:57,buy,5652,0.002,11.304
2019-05-04 10:19:58,sell,5654,0.0006,3.3924
2019-05-04 10:20:09,buy,5649.88,0.02,112.9976
2019-05-04 10:20:09,buy,5649.87,0.02,112.9974
2019-05-04 10:20:12,buy,5649.87,1.6751,9464.097237
2019-05-04 10:20:26,buy,5642.5,0.0005,2.82125
2019-05-04 10:20:31,sell,5649.86,0.002,11.29972
2019-05-04 10:20:40,sell,5644.4,0.013,73.3772
2019-05-04 10:20:44,buy,5641.5,0.0051,28.77165
2019-05-04 10:20:52,sell,5644.4,0.0001,0.56444
2019-05-04 10:21:09,sell,5652,0.0176,99.4752
2019-05-04 10:21:30,buy,5645.17,0.0008,4.516136
2019-05-04 10:21:30,buy,5645.16,0.5694,3214.354104
2019-05-04 10:21:40,sell,5651.55,0.0008,4.52124
2019-05-04 10:21:43,sell,5651.55,0.03,169.5465
2019-05-04 10:22:16,buy,5645.29,0.0241,136.051489
2019-05-04 10:22:16,buy,5645.26,0.0162,91.453212
2019-05-04 10:22:19,sell,5645.89,0.0094,53.071366
2019-05-04 10:22:35,sell,5647.05,0.0373,210.634965
2019-05-04 10:22:39,buy,5645.89,0.0191,107.836499
2019-05-04 10:22:39,buy,5645.57,0.053,299.21521
2019-05-04 10:23:02,sell,5645.9,0.0378,213.41502
2019-05-04 10:23:06,sell,5645.9,0.2622,1480.35498
2019-05-04 10:23:12,buy,5645.9,0.0915,516.59985
2019-05-04 10:23:13,sell,5647.05,0.013,73.41165
2019-05-04 10:23:17,buy,5645.9,0.0133,75.09047
2019-05-04 10:23:20,buy,5645.9,0.4854,2740.51986
2019-05-04 10:23:20,buy,5645.9,0.2622,1480.35498
2019-05-04 10:23:35,sell,5645.9,0.0055,31.05245
2019-05-04 10:23:36,buy,5645.58,0.002,11.29116
2019-05-04 10:23:36,buy,5645.57,0.0783,442.048131
2019-05-04 10:23:36,buy,5645,0.0085,47.9825
2019-05-04 10:23:40,sell,5645.9,0.061,344.3999
2019-05-04 10:23:43,sell,5645.9,0.01,56.459
2019-05-04 10:23:51,sell,5647.05,0.24,1355.292
2019-05-04 10:23:55,sell,5647.05,0.264,1490.8212
2019-05-04 10:24:10,sell,5647.05,0.3,1694.115
2019-05-04 10:24:14,buy,5645.91,0.05,282.2955
2019-05-04 10:24:14,buy,5645.9,0.0052,29.35868
2019-05-04 10:24:14,buy,5645.61,0.2726,1538.993286
2019-05-04 10:24:20,sell,5647.05,0.036,203.2938
2019-05-04 10:24:31,sell,5647.05,0.2,1129.41
2019-05-04 10:24:32,sell,5647.05,1.4835,8377.398675
2019-05-04 10:24:32,sell,5652,0.1563,883.4076
2019-05-04 10:24:57,buy,5647.07,0.0224,126.494368
2019-05-04 10:25:02,sell,5651.98,0.002,11.30396
2019-05-04 10:25:11,sell,5652,0.0267,150.9084
2019-05-04 10:25:12,buy,5651.98,0.198,1119.09204
2019-05-04 10:25:12,buy,5647.08,0.29,1637.6532
2019-05-04 10:25:15,sell,5652,0.0097,54.8244
2019-05-04 10:25:17,sell,5652,0.0127,71.7804
2019-05-04 10:25:21,buy,5647.12,0.5152,2909.396224
2019-05-04 10:25:22,sell,5652,0.0083,46.9116
2019-05-04 10:25:25,buy,5647.12,0.05,282.356
2019-05-04 10:25:29,buy,5647.12,0.3,1694.136
2019-05-04 10:25:33,buy,5647.12,0.05,282.356
2019-05-04 10:25:33,buy,5647.11,0.25,1411.7775
2019-05-04 10:25:37,sell,5652,0.0087,49.1724
2019-05-04 10:25:37,sell,5652,0.49,2769.48
2019-05-04 10:25:37,buy,5647.05,0.0754,425.78757
2019-05-04 10:26:02,buy,5647.13,0.05,282.3565
2019-05-04 10:26:02,buy,5647.12,0.0191,107.859992
2019-05-04 10:26:48,sell,5652,0.3,1695.6
2019-05-04 10:27:02,sell,5652,0.3021,1707.4692
2019-05-04 10:27:06,sell,5652,0.0008,4.5216
2019-05-04 10:27:07,sell,5652,0.2,1130.4
2019-05-04 10:27:12,sell,5652,0.0188,106.2576
2019-05-04 10:27:12,sell,5652,0.0003,1.6956
2019-05-04 10:27:15,sell,5652,0.0001,0.5652
2019-05-04 10:27:15,sell,5652,0.0236,133.3872
2019-05-04 10:27:18,sell,5652,0.006,33.912
2019-05-04 10:27:18,sell,5653.97,0.0017,9.611749
2019-05-04 10:27:21,sell,5653.97,0.0003,1.696191
2019-05-04 10:27:21,sell,5654,0.2997,1694.5038
2019-05-04 10:27:28,sell,5654,0.135,763.29
2019-05-04 10:27:34,buy,5649.03,0.0225,127.103175
2019-05-04 10:27:35,sell,5654,0.2,1130.8
2019-05-04 10:27:42,sell,5654,0.0045,25.443
2019-05-04 10:27:42,sell,5654,0.0724,409.3496
2019-05-04 10:27:42,sell,5654,0.3,1696.2
2019-05-04 10:27:43,buy,5650.08,0.031,175.15248
2019-05-04 10:27:51,sell,5654,0.0007,3.9578
2019-05-04 10:27:53,sell,5654,0.1446,817.5684
2019-05-04 10:27:59,buy,5650.12,0.0013,7.345156
2019-05-04 10:28:09,buy,5650.13,0.0131,74.016703
2019-05-04 10:28:09,sell,5654,0.0245,138.523
2019-05-04 10:28:15,sell,5654,1.1703,6616.8762
2019-05-04 10:28:15,sell,5654,0.0116,65.5864
2019-05-04 10:28:32,buy,5651,0.0855,483.1605
2019-05-04 10:28:46,buy,5651.02,0.006,33.90612
2019-05-04 10:28:46,buy,5651.01,0.4975,2811.377475
2019-05-04 10:28:46,buy,5651,0.4495,2540.1245
2019-05-04 10:28:46,buy,5651,0.3529,1994.2379
2019-05-04 10:29:00,sell,5654,0.0024,13.5696
2019-05-04 10:29:00,sell,5655.86,0.0029,16.401994
2019-05-04 10:29:16,sell,5655.86,0.0001,0.565586
2019-05-04 10:29:26,buy,5657.4,0.0013,7.35462
2019-05-04 10:29:39,sell,5657.41,0.029,164.06489
2019-05-04 10:29:45,buy,5657.5,0.0688,389.236
2019-05-04 10:30:14,sell,5657.75,0.0009,5.091975
2019-05-04 10:30:14,buy,5657.5,0.372,2104.59
2019-05-04 10:30:14,buy,5657.5,0.3523,1993.13725
2019-05-04 10:30:14,buy,5657.5,0.0013,7.35475
2019-05-04 10:30:15,sell,5657.75,0.0011,6.223525
2019-05-04 10:30:21,buy,5657.8,0.1164,658.56792
2019-05-04 10:30:25,buy,5657.5,0.0498,281.7435
2019-05-04 10:30:25,buy,5657.41,0.0015,8.486115
2019-05-04 10:30:32,sell,5658.82,0.006,33.95292
2019-05-04 10:30:32,sell,5660,0.002,11.32
2019-05-04 10:30:32,sell,5660,0.002,11.32
2019-05-04 10:30:32,sell,5660,0.1196,676.936
2019-05-04 10:30:32,sell,5661.76,0.005,28.3088
2019-05-04 10:30:34,buy,5661.76,0.058,328.38208
2019-05-04 10:30:35,buy,5661.76,0.0722,408.779072
2019-05-04 10:30:42,buy,5661.76,0.0001,0.566176
2019-05-04 10:30:44,buy,5657.5,0.058,328.135
2019-05-04 10:30:47,sell,5663.06,0.05,283.153
2019-05-04 10:30:47,sell,5663.07,0.1937,1096.936659
2019-05-04 10:30:52,buy,5657.41,0.0001,0.565741
2019-05-04 10:30:52,buy,5651.11,0.0593,335.110823
2019-05-04 10:31:00,buy,5658,0.25,1414.5
2019-05-04 10:31:01,buy,5651.13,0.0445,251.475285
2019-05-04 10:31:30,buy,5652,0.1419,802.0188
2019-05-04 10:31:34,sell,5652,0.3,1695.6
2019-05-04 10:31:35,buy,5651.14,0.3,1695.342
2019-05-04 10:31:37,sell,5652,0.2232,1261.5264
2019-05-04 10:31:38,sell,5652,0.0001,0.5652
2019-05-04 10:31:38,sell,5652.34,0.0081,45.783954
2019-05-04 10:31:41,buy,5651.15,0.3,1695.345
2019-05-04 10:31:41,buy,5651.13,0.05,282.5565
2019-05-04 10:31:41,buy,5651.12,0.0225,127.1502
2019-05-04 10:31:41,buy,5651.12,0.1326,749.338512
2019-05-04 10:31:45,buy,5651.14,0.5041,2848.739674
2019-05-04 10:31:45,buy,5651.11,0.0001,0.565111
2019-05-04 10:31:45,buy,5651,0.0074,41.8174
2019-05-04 10:31:45,buy,5651,0.041,231.691
2019-05-04 10:31:45,buy,5650,0.0024,13.56
2019-05-04 10:31:49,buy,5650.03,0.359,2028.36077
2019-05-04 10:31:49,buy,5650.03,0.1126,636.193378
2019-05-04 10:31:49,buy,5650.02,0.3,1695.006
2019-05-04 10:31:52,buy,5650.04,0.4034,2279.226136
2019-05-04 10:31:55,buy,5650.05,0.3047,1721.570235
2019-05-04 10:32:02,buy,5652.01,0.4623,2612.924223
2019-05-04 10:32:11,buy,5652.79,0.0721,407.566159
2019-05-04 10:32:11,buy,5652.5,0.2422,1369.0355
2019-05-04 10:32:11,buy,5652.01,0.1307,738.717707
2019-05-04 10:32:11,sell,5652.01,0.005,28.26005
2019-05-04 10:32:11,sell,5652.01,0.002,11.30402
2019-05-04 10:32:11,sell,5652.01,0.0069,38.998869
2019-05-04 10:32:15,buy,5657.66,0.01,56.5766
2019-05-04 10:32:15,sell,5658,0.1419,802.8702
2019-05-04 10:32:15,sell,5661.76,2,11323.52
2019-05-04 10:32:18,buy,5652.14,0.5188,2932.330232
2019-05-04 10:32:18,buy,5652.14,0.05,282.607
2019-05-04 10:32:18,buy,5652.14,0.05,282.607
2019-05-04 10:32:18,buy,5652.14,0.1179,666.387306
2019-05-04 10:32:18,buy,5652.13,0.0568,321.040984
2019-05-04 10:33:01,buy,5654.26,0.0474,268.011924
2019-05-04 10:33:27,sell,5654.26,0.0002,1.130852
2019-05-04 10:34:35,sell,5657.27,0.0088,49.783976
2019-05-04 10:34:36,sell,5657.27,0.0001,0.565727
2019-05-04 10:34:42,sell,5662.94,0.002,11.32588
2019-05-04 10:34:51,sell,5669.3,0.1148,650.83564
2019-05-04 10:34:54,sell,5669.31,0.1672,947.908632
2019-05-04 10:34:55,buy,5662.98,0.05,283.149
2019-05-04 10:35:19,buy,5663.03,0.0005,2.831515
2019-05-04 10:35:38,sell,5669.31,0.1314,744.947334
2019-05-04 10:35:42,buy,5669.3,0.0032,18.14176
2019-05-04 10:35:55,sell,5665,0.3,1699.5
2019-05-04 10:35:56,sell,5665,0.279,1580.535
2019-05-04 10:35:57,sell,5665,0.1625,920.5625
2019-05-04 10:36:00,buy,5663.08,0.0349,197.641492
2019-05-04 10:36:01,sell,5665,0.0339,192.0435
2019-05-04 10:36:02,sell,5665,0.0043,24.3595
2019-05-04 10:36:10,sell,5665,0.4508,2553.782
2019-05-04 10:36:22,buy,5666.31,0.0007,3.966417
2019-05-04 10:36:22,buy,5665,0.0744,421.476
2019-05-04 10:36:26,sell,5669.22,0.0217,123.022074
2019-05-04 10:36:27,buy,5665,0.1779,1007.8035
2019-05-04 10:36:27,buy,5665,0.2005,1135.8325
2019-05-04 10:36:27,buy,5665,0.0002,1.133
2019-05-04 10:36:31,sell,5665,0.00000000,0
2019-05-04 10:36:31,buy,5665,0.002,11.33
2019-05-04 10:36:39,buy,5665,0.0012,6.798
2019-05-04 10:36:44,buy,5663,0.0486,275.2218
2019-05-04 10:36:49,buy,5665,0.0885,501.3525
2019-05-04 10:37:03,buy,5660,0.0119,67.354
2019-05-04 10:37:09,sell,5666.55,0.05,283.3275
2019-05-04 10:37:09,sell,5666.56,0.0228,129.197568
2019-05-04 10:37:13,sell,5666.58,0.0155,87.83199
2019-05-04 10:37:13,sell,5666.58,0.0098,55.532484
2019-05-04 10:37:13,sell,5666.58,0.0039,22.099662
2019-05-04 10:37:13,sell,5666.58,0.0031,17.566398
2019-05-04 10:37:17,buy,5660,2.1,11886
2019-05-04 10:37:20,buy,5660,0.7511,4251.226
2019-05-04 10:37:20,buy,5660,0.2489,1408.774
2019-05-04 10:37:20,buy,5660,0.0775,438.65
2019-05-04 10:37:28,sell,5663,0.1292,731.6596
2019-05-04 10:37:29,buy,5654.03,0.0004,2.261612
2019-05-04 10:37:45,sell,5662.58,0.0052,29.445416
2019-05-04 10:37:53,sell,5657.32,0.0059,33.378188
2019-05-04 10:37:53,sell,5662.58,0.0669,378.826602
2019-05-04 10:37:54,buy,5662.58,0.4263,2413.957854
2019-05-04 10:38:05,sell,5662.95,0.0007,3.964065
2019-05-04 10:38:53,buy,5655,0.0273,154.3815
2019-05-04 10:40:36,buy,5655,0.5237,2961.5235
2019-05-04 10:40:36,buy,5655,0.1764,997.542
2019-05-04 10:40:36,buy,5655,0.105,593.775
2019-05-04 10:40:36,buy,5655,0.619,3500.445
2019-05-04 10:40:36,buy,5655,0.002,11.31
2019-05-04 10:40:36,buy,5655,6.4339,36383.7045
2019-05-04 10:40:39,buy,5655,1.34,7577.7
2019-05-04 10:40:42,buy,5655,0.9736,5505.708
2019-05-04 10:40:42,buy,5654.03,0.0106,59.932718
2019-05-04 10:40:42,buy,5654.03,0.1241,701.665123
2019-05-04 10:40:42,buy,5654,0.0111,62.7594
2019-05-04 10:40:53,buy,5652.13,0.0066,37.304058
2019-05-04 10:41:00,buy,5652.13,0.0052,29.391076
2019-05-04 10:41:24,sell,5655.01,0.0051,28.840551
2019-05-04 10:41:24,sell,5657.65,0.3473,1964.901845
2019-05-04 10:41:32,buy,5652.13,0.0778,439.735714
2019-05-04 10:41:44,sell,5652.13,0.0112,63.303856
2019-05-04 10:41:48,buy,5652.13,0.0119,67.260347
2019-05-04 10:41:48,buy,5650,0.0001,0.565
2019-05-04 10:41:48,buy,5650,0.0102,57.63
2019-05-04 10:41:48,buy,5650,0.0017,9.605
2019-05-04 10:41:48,buy,5648.01,0.0296,167.181096
2019-05-04 10:41:48,buy,5647.15,0.0008,4.51772
2019-05-04 10:41:48,buy,5647.05,0.1997,1127.715885
2019-05-04 10:41:49,sell,5645.26,0.0088,49.678288
2019-05-04 10:41:50,sell,5645.26,0.0307,173.309482
2019-05-04 10:41:51,sell,5645.26,0.0114,64.355964
2019-05-04 10:41:52,sell,5645.26,0.0136,76.775536
2019-05-04 10:41:53,sell,5645.26,0.0176,99.356576
2019-05-04 10:41:54,sell,5645.26,0.0142,80.162692
2019-05-04 10:41:55,sell,5645.26,0.0016,9.032416
2019-05-04 10:43:06,sell,5654.41,0.0004,2.261764
2019-05-04 10:43:08,buy,5654.4,0.0023,13.00512
2019-05-04 10:43:10,buy,5654.4,0.00000000,0
2019-05-04 10:43:26,sell,5654.4,0.4031,2279.28864
2019-05-04 10:43:26,sell,5654.4,0.2022,1143.31968
2019-05-04 10:43:26,sell,5654.41,0.035,197.90435
2019-05-04 10:43:26,sell,5654.41,0.0706,399.201346
2019-05-04 10:43:57,buy,5654.41,0.0113,63.894833
2019-05-04 10:44:10,buy,5654.41,0.0317,179.244797
2019-05-04 10:44:13,sell,5658.62,0.5275,2984.92205
2019-05-04 10:44:13,sell,5658.63,0.1772,1002.709236
2019-05-04 10:44:13,sell,5658.72,0.0721,407.993712
2019-05-04 10:44:14,buy,5658.82,0.0216,122.230512
2019-05-04 10:44:14,buy,5658.82,0.1706,965.394692
2019-05-04 10:44:15,buy,5658.82,0.0644,364.428008
2019-05-04 10:44:26,sell,5659.62,0.0504,285.244848
2019-05-04 10:44:40,buy,5659.62,0.0354,200.350548
2019-05-04 10:45:26,sell,5660,0.0009,5.094
2019-05-04 10:46:17,sell,5660,0.2245,1270.67
2019-05-04 10:46:17,sell,5661.76,0.0755,427.46288
2019-05-04 10:46:24,sell,5660,0.0098,55.468
2019-05-04 10:46:28,sell,5660,0.00000000,0
2019-05-04 10:46:28,sell,5661.76,0.3,1698.528
2019-05-04 10:46:28,sell,5661.76,0.1245,704.88912
2019-05-04 10:46:28,sell,5670,0.0755,428.085
2019-05-04 10:46:42,buy,5661.26,0.05,283.063
2019-05-04 10:46:44,sell,5670,0.0293,166.131
2019-05-04 10:46:47,sell,5670,0.0905,513.135
2019-05-04 10:46:47,sell,5670.86,0.003,17.01258
2019-05-04 10:46:47,sell,5670.86,0.1852,1050.243272
2019-05-04 10:46:47,sell,5671.91,0.0029,16.448539
2019-05-04 10:47:16,sell,5664.32,0.007,39.65024
2019-05-04 10:47:16,sell,5671.88,0.007,39.70316
2019-05-04 10:47:50,buy,5664.36,0.0009,5.097924
2019-05-04 10:47:50,buy,5664.33,1.4,7930.062
2019-05-04 10:47:50,buy,5664.32,0.0136,77.034752
2019-05-04 10:47:50,buy,5664.32,0.1348,763.550336
2019-05-04 10:47:55,buy,5664.37,0.0009,5.097933
2019-05-04 10:48:26,sell,5669.8,0.0301,170.66098
2019-05-04 10:49:11,sell,5667.7,0.1156,655.18612
2019-05-04 10:49:16,buy,5664.5,0.2701,1529.98145
2019-05-04 10:49:42,buy,5661.76,0.1836,1039.499136
2019-05-04 10:49:53,buy,5661.76,0.2572,1456.204672
2019-05-04 10:50:38,sell,5661.95,0.0055,31.140725
2019-05-04 10:50:38,sell,5666.44,0.0245,138.82778
2019-05-04 10:51:29,buy,5661.76,0.251,1421.10176
2019-05-04 10:51:58,buy,5661.26,0.1808,1023.555808
2019-05-04 10:52:52,sell,5667.28,0.6108,3461.574624
2019-05-04 10:52:52,sell,5667.66,0.0402,227.839932
2019-05-04 10:52:55,buy,5661.75,0.0038,21.51465
2019-05-04 10:52:56,buy,5661.75,0.2064,1168.5852
2019-05-04 10:52:59,buy,5661.25,0.1097,621.039125
2019-05-04 10:53:00,buy,5661.25,0.0001,0.566125
2019-05-04 10:53:00,buy,5660,0.004,22.64
2019-05-04 10:53:03,buy,5659.62,0.9016,5102.713392
2019-05-04 10:53:23,sell,5665.4,0.0018,10.19772
2019-05-04 10:54:19,buy,5662.2,0.0314,177.79308
2019-05-04 10:54:25,buy,5662.2,0.0819,463.73418
2019-05-04 10:54:27,buy,5662.2,0.0246,139.29012
2019-05-04 10:54:30,buy,5662.2,0.3039,1720.74258
2019-05-04 10:55:56,buy,5659,0.0034,19.2406
2019-05-04 10:55:58,buy,5659,0.0786,444.7974
2019-05-04 10:56:01,buy,5658.82,0.0001,0.565882
2019-05-04 10:56:29,buy,5655.86,0.003,16.96758
2019-05-04 10:56:29,buy,5655.86,0.0711,402.131646
2019-05-04 10:57:05,sell,5655.86,0.1759,994.865774
2019-05-04 10:57:10,buy,5655.86,0.0118,66.739148
2019-05-04 10:57:59,sell,5662.23,0.1112,629.639976
2019-05-04 10:58:16,buy,5662.21,0.0004,2.264884
2019-05-04 10:58:18,buy,5662.21,0.0002,1.132442
2019-05-04 10:58:31,buy,5662.21,0.0003,1.698663
2019-05-04 11:00:14,buy,5654.43,0.002,11.30886
2019-05-04 11:00:20,sell,5656.54,0.0023,13.010042
2019-05-04 11:00:20,sell,5662.2,0.0153,86.63166
2019-05-04 11:00:32,buy,5654.43,0.00000000,0
2019-05-04 11:00:32,buy,5654.41,0.0859,485.713819
2019-05-04 11:00:57,buy,5654.41,0.0027,15.266907
2019-05-04 11:01:07,buy,5654.41,0.0528,298.552848
2019-05-04 11:01:10,buy,5654.41,0.0325,183.768325
2019-05-04 11:01:10,buy,5654.41,0.0168,94.994088
2019-05-04 11:01:10,buy,5654.41,0.005,28.27205
2019-05-04 11:01:39,buy,5654.41,0.00000000,0
2019-05-04 11:01:52,buy,5645.88,0.3,1693.764
2019-05-04 11:02:03,sell,5649.74,0.0014,7.909636
2019-05-04 11:02:03,sell,5655.4,0.107,605.1278
2019-05-04 11:02:24,buy,5645.86,0.003,16.93758
2019-05-04 11:02:25,sell,5645.85,0.0034,19.19589
2019-05-04 11:02:25,sell,5645.85,0.0118,66.62103
2019-05-04 11:02:27,sell,5645.85,0.0097,54.764745
2019-05-04 11:02:39,buy,5645.27,0.0003,1.693581
2019-05-04 11:02:40,buy,5645.27,0.0027,15.242229
2019-05-04 11:02:42,sell,5645.27,0.0364,205.487828
2019-05-04 11:03:01,buy,5645.07,0.1219,688.134033
2019-05-04 11:03:01,sell,5645.27,0.00000000,0
2019-05-04 11:03:01,sell,5645.27,0.0221,124.760467
2019-05-04 11:03:06,sell,5645.27,0.0001,0.564527
2019-05-04 11:03:06,sell,5645.27,0.0119,67.178713
2019-05-04 11:03:07,sell,5645.27,0.007,39.51689
2019-05-04 11:03:07,buy,5645.06,0.05,282.253
2019-05-04 11:03:10,sell,5645.27,0.231,1304.05737
2019-05-04 11:03:11,sell,5645.27,0.0001,0.564527
2019-05-04 11:03:19,buy,5645.28,0.555,3133.1304
2019-05-04 11:03:25,buy,5645.3,0.05,282.265
2019-05-04 11:03:30,sell,5645.3,0.0701,395.73553
2019-05-04 11:03:31,sell,5645.3,0.0001,0.56453
2019-05-04 11:03:47,sell,5645.85,0.0001,0.564585
2019-05-04 11:03:48,sell,5655.84,0.0073,41.287632
2019-05-04 11:04:33,buy,5646,0.013,73.398
2019-05-04 11:05:00,buy,5646,0.0535,302.061
2019-05-04 11:05:00,buy,5646,0.0293,165.4278
2019-05-04 11:05:17,buy,5646,0.21,1185.66
2019-05-04 11:05:24,buy,5646,0.0089,50.2494
2019-05-04 11:05:24,buy,5646,0.0011,6.2106
2019-05-04 11:05:48,sell,5649.82,0.0012,6.779784
2019-05-04 11:06:16,sell,5655.86,0.003,16.96758
2019-05-04 11:06:27,buy,5661.02,0.7214,4083.859828
2019-05-04 11:06:50,sell,5661.12,0.2633,1490.572896
2019-05-04 11:06:54,buy,5655.58,0.1096,619.851568
2019-05-04 11:06:54,buy,5650.23,0.0884,499.480332
2019-05-04 11:07:09,sell,5660,0.0973,550.718
2019-05-04 11:07:18,buy,5658.35,0.1445,817.631575
2019-05-04 11:07:29,buy,5656.92,0.018,101.82456
2019-05-04 11:07:39,buy,5655.57,0.0392,221.698344
2019-05-04 11:08:05,buy,5655.57,0.0002,1.131114
2019-05-04 11:08:05,buy,5655.57,0.1911,1080.779427
2019-05-04 11:08:19,sell,5649.9,0.0013,7.34487
2019-05-04 11:08:55,buy,5649.92,0.3,1694.976
2019-05-04 11:08:55,sell,5647.05,0.05,282.3525
2019-05-04 11:08:56,sell,5647.05,0.129,728.46945
2019-05-04 11:08:57,sell,5647.05,0.05,282.3525
2019-05-04 11:08:57,sell,5647.05,0.3,1694.115
2019-05-04 11:08:59,sell,5647.05,0.3,1694.115
2019-05-04 11:09:01,sell,5647.05,2.7463,15508.493415
2019-05-04 11:09:06,sell,5647.05,0.3,1694.115
2019-05-04 11:09:13,sell,5647.05,0.3,1694.115
2019-05-04 11:09:13,sell,5647.05,0.0372,210.07026
2019-05-04 11:09:19,buy,5646.9,0.3808,2150.33952
2019-05-04 11:09:22,sell,5647.05,0.0281,158.682105
2019-05-04 11:09:25,sell,5647.05,0.113,638.11665
2019-05-04 11:09:31,buy,5646.89,0.0016,9.035024
2019-05-04 11:09:34,sell,5647.05,0.1022,577.12851
2019-05-04 11:09:39,sell,5647.05,0.0033,18.635265
2019-05-04 11:09:41,sell,5647.05,1.078,6087.5199
2019-05-04 11:09:42,sell,5647.05,0.012,67.7646
2019-05-04 11:09:43,sell,5647.05,0.1022,577.12851
2019-05-04 11:09:47,buy,5646.9,0.05,282.345
2019-05-04 11:09:49,sell,5647.05,0.1801,1017.033705
2019-05-04 11:10:20,sell,5647.05,0.0128,72.28224
2019-05-04 11:10:23,sell,5647.05,0.0116,65.50578
2019-05-04 11:10:23,sell,5647.05,0.0132,74.54106
2019-05-04 11:10:26,sell,5647.05,0.0065,36.705825
2019-05-04 11:10:30,sell,5647.05,0.4017,2268.419985
2019-05-04 11:10:31,sell,5647.05,0.0529,298.728945
2019-05-04 11:10:38,sell,5647.05,0.7434,4198.01697
2019-05-04 11:10:38,sell,5647.05,0.6265,3537.876825
2019-05-04 11:10:38,sell,5647.05,0.0388,219.10554
2019-05-04 11:10:38,sell,5660,0.7432,4206.512
2019-05-04 11:10:51,sell,5646.95,0.05,282.3475
2019-05-04 11:10:56,sell,5646.95,0.0112,63.24584
2019-05-04 11:10:59,sell,5646.95,0.3387,1912.621965
2019-05-04 11:11:06,sell,5646.95,0.0001,0.564695
2019-05-04 11:11:12,buy,5659.98,0.0007,3.961986
2019-05-04 11:11:12,buy,5659.97,0.008,45.27976
2019-05-04 11:11:13,buy,5659.97,0.0332,187.911004
2019-05-04 11:11:13,buy,5659.97,0.0288,163.007136
2019-05-04 11:11:25,sell,5654.33,0.003,16.96299
2019-05-04 11:11:25,sell,5660,0.0041,23.206
2019-05-04 11:12:00,buy,5648.3,0.02,112.966
2019-05-04 11:12:01,buy,5648.3,0.03,169.449
2019-05-04 11:12:01,buy,5648.28,0.3,1694.484
2019-05-04 11:12:01,sell,5648.26,0.0053,29.935778
2019-05-04 11:12:44,buy,5648.58,0.012,67.78296
2019-05-04 11:13:17,sell,5659.95,0.01,56.5995
2019-05-04 11:13:30,sell,5660,0.0092,52.072
2019-05-04 11:13:30,sell,5660,0.1231,696.746
2019-05-04 11:13:30,sell,5660,0.0252,142.632
2019-05-04 11:13:30,sell,5660,0.0129,73.014
2019-05-04 11:13:31,buy,5659.95,0.0252,142.63074
2019-05-04 11:13:31,buy,5659.95,0.0103,58.297485
2019-05-04 11:13:32,buy,5659.95,1.6596,9393.25302
2019-05-04 11:13:36,buy,5648.67,0.2188,1235.928996
2019-05-04 11:14:18,buy,5652.59,0.004,22.61036
2019-05-04 11:14:19,sell,5659.95,0.0033,18.677835
2019-05-04 11:14:34,sell,5654.29,0.0023,13.004867
2019-05-04 11:14:36,sell,5654.29,0.0003,1.696287
2019-05-04 11:14:36,sell,5659.95,0.0426,241.11387
2019-05-04 11:14:48,sell,5659.95,0.011,62.25945
2019-05-04 11:15:02,sell,5659.93,0.1448,819.557864
2019-05-04 11:15:05,sell,5659.95,0.001,5.65995
2019-05-04 11:15:09,sell,5659.95,0.0004,2.26398
2019-05-04 11:16:50,buy,5655.55,0.0009,5.089995
2019-05-04 11:17:38,buy,5657,0.2839,1606.0223
2019-05-04 11:17:41,buy,5657,0.0029,16.4053
2019-05-04 11:17:48,buy,5657,0.0297,168.0129
2019-05-04 11:18:04,sell,5659.95,0.3,1697.985
2019-05-04 11:18:05,sell,5659.95,0.2221,1257.074895
2019-05-04 11:18:05,sell,5660,0.0779,440.914
2019-05-04 11:18:11,sell,5660,0.3,1698
2019-05-04 11:18:12,sell,5660,0.3,1698
2019-05-04 11:18:15,sell,5660,0.0601,340.166
2019-05-04 11:18:18,sell,5660,0.3,1698
2019-05-04 11:18:18,sell,5660,0.1215,687.69
2019-05-04 11:18:20,sell,5660,0.102,577.32
2019-05-04 11:18:22,sell,5660,0.098,554.68
2019-05-04 11:18:22,sell,5660,0.0596,337.336
2019-05-04 11:18:42,sell,5660,0.0001,0.566
2019-05-04 11:18:42,sell,5661,0.2999,1697.7339
2019-05-04 11:18:45,sell,5661,1.4699,8321.1039
2019-05-04 11:18:47,sell,5661,0.0002,1.1322
2019-05-04 11:18:47,sell,5661.15,0.0004,2.26446
2019-05-04 11:18:47,sell,5662.2,0.0745,421.8339
2019-05-04 11:18:56,buy,5658.14,0.0189,106.938846
2019-05-04 11:19:32,buy,5659.17,0.0603,341.247951
2019-05-04 11:19:43,sell,5662.2,0.0102,57.75444
2019-05-04 11:19:43,sell,5662.2,0.003,16.9866
2019-05-04 11:19:54,sell,5669.02,0.0002,1.133804
2019-05-04 11:19:56,buy,5662.21,0.05,283.1105
2019-05-04 11:19:56,buy,5662.2,0.1811,1025.42442
2019-05-04 11:19:58,sell,5670.86,0.003,17.01258
2019-05-04 11:20:10,sell,5671.91,0.0001,0.567191
2019-05-04 11:20:10,sell,5673.52,0.002,11.34704
2019-05-04 11:20:11,buy,5662.21,0.05,283.1105
2019-05-04 11:20:12,sell,5662.21,0.1658,938.794418
2019-05-04 11:20:31,sell,5670.62,0.0144,81.656928
2019-05-04 11:20:45,buy,5662.5,0.0445,251.98125
2019-05-04 11:20:45,buy,5662.5,0.0445,251.98125
2019-05-04 11:20:48,buy,5662.2,0.6787,3842.93514
2019-05-04 11:20:48,buy,5662.2,0.7055,3994.6821
2019-05-04 11:21:42,sell,5663.25,0.0024,13.5918
2019-05-04 11:21:57,buy,5662.2,0.0386,218.56092
2019-05-04 11:21:59,sell,5662.2,0.0305,172.6971
2019-05-04 11:22:06,buy,5657.82,0.0528,298.732896
2019-05-04 11:22:23,sell,5662.2,0.0259,146.65098
2019-05-04 11:22:23,sell,5663,0.3001,1699.4663
2019-05-04 11:22:32,buy,5663,0.0221,125.1523
2019-05-04 11:23:14,buy,5659.26,0.0712,402.939312
2019-05-04 11:23:40,sell,5662.94,0.0045,25.48323
2019-05-04 11:23:57,buy,5659.26,0.0029,16.411854
2019-05-04 11:24:22,buy,5659.26,0.0768,434.631168
2019-05-04 11:24:22,buy,5659.25,0.1728,977.9184
2019-05-04 11:24:22,buy,5656.38,0.4831,2732.597178
2019-05-04 11:24:24,sell,5655.95,0.0261,147.620295
2019-05-04 11:24:25,sell,5655.95,0.0411,232.459545
2019-05-04 11:24:27,sell,5655.95,0.026,147.0547
2019-05-04 11:24:29,sell,5655.95,0.032,180.9904
2019-05-04 11:24:30,sell,5655.95,0.126,712.6497
2019-05-04 11:24:30,sell,5662.94,0.0319,180.647786
2019-05-04 11:24:32,sell,5659.26,0.0008,4.527408
2019-05-04 11:24:38,sell,5659.26,0.0008,4.527408
2019-05-04 11:24:52,sell,5659.26,0.011,62.25186
2019-05-04 11:24:52,sell,5662.94,0.115,651.2381
2019-05-04 11:25:13,sell,5662.94,0.0527,298.436938
2019-05-04 11:25:37,sell,5662.94,0.3,1698.882
2019-05-04 11:25:41,sell,5662.94,0.3,1698.882
2019-05-04 11:25:44,sell,5662.94,0.0068,38.507992
2019-05-04 11:26:12,sell,5662.94,0.0455,257.66377
2019-05-04 11:26:17,buy,5657.63,0.0026,14.709838
2019-05-04 11:26:20,sell,5662.94,0.0075,42.47205
2019-05-04 11:26:25,sell,5662.94,0.0151,85.510394
2019-05-04 11:26:28,sell,5662.94,0.0118,66.822692
2019-05-04 11:26:31,sell,5662.94,0.008,45.30352
2019-05-04 11:26:33,sell,5662.94,0.0062,35.110228
2019-05-04 11:26:33,buy,5657.65,0.5021,2840.706065
2019-05-04 11:26:35,sell,5662.94,0.005,28.3147
2019-05-04 11:26:38,sell,5662.94,0.0032,18.121408
2019-05-04 11:26:41,sell,5662.94,0.0026,14.723644
2019-05-04 11:26:43,sell,5662.94,0.0018,10.193292
2019-05-04 11:26:45,sell,5662.94,0.0015,8.49441
2019-05-04 11:26:47,sell,5662.94,0.0012,6.795528
2019-05-04 11:26:52,sell,5662.94,0.026,147.23644
2019-05-04 11:26:59,buy,5657.79,0.0021,11.881359
2019-05-04 11:27:01,sell,5662.94,0.0125,70.78675
2019-05-04 11:27:06,sell,5662.94,0.0412,233.313128
2019-05-04 11:27:11,buy,5659.76,0.0345,195.26172
2019-05-04 11:28:35,buy,5659.79,0.028,158.47412
2019-05-04 11:29:03,buy,5659.81,0.0286,161.870566
2019-05-04 11:29:15,buy,5659.8,0.323,1828.1154
2019-05-04 11:29:20,sell,5662.94,0.0001,0.566294
2019-05-04 11:29:20,sell,5668.28,0.0921,522.048588
2019-05-04 11:30:12,sell,5662.61,0.0014,7.927654
2019-05-04 11:30:59,sell,5662.61,0.0001,0.566261
2019-05-04 11:30:59,sell,5668.28,0.1704,965.874912
2019-05-04 11:31:05,buy,5660.87,0.3,1698.261
2019-05-04 11:31:05,buy,5660.84,0.4621,2615.874164
2019-05-04 11:31:49,buy,5659.87,0.005,28.29935
2019-05-04 11:32:29,sell,5668.26,0.0645,365.60277
2019-05-04 11:33:18,buy,5659.83,0.002,11.31966
2019-05-04 11:33:18,buy,5659.78,0.0363,205.450014
2019-05-04 11:33:18,buy,5659.25,0.0247,139.783475
2019-05-04 11:33:18,buy,5657.21,0.1463,827.649823
2019-05-04 11:33:38,buy,5657.25,0.05,282.8625
2019-05-04 11:33:38,buy,5657.24,0.27,1527.4548
2019-05-04 11:33:39,buy,5657.23,0.003,16.97169
2019-05-04 11:33:40,buy,5657.21,0.0104,58.834984
2019-05-04 11:34:24,sell,5662.58,0.0013,7.361354
2019-05-04 11:34:24,sell,5668.2,0.002,11.3364
2019-05-04 11:34:50,sell,5668.18,0.1997,1131.935546
2019-05-04 11:36:05,sell,5662.26,0.0015,8.49339
2019-05-04 11:36:05,sell,5667.91,0.133,753.83203
2019-05-04 11:36:13,buy,5658.02,0.01,56.5802
2019-05-04 11:36:13,buy,5658.01,0.0098,55.448498
2019-05-04 11:36:31,buy,5658.04,0.0189,106.936956
2019-05-04 11:37:27,sell,5667.9,0.0184,104.28936
2019-05-04 11:38:21,sell,5667.9,0.01,56.679
2019-05-04 11:40:04,buy,5662.15,0.0022,12.45673
2019-05-04 11:40:04,buy,5658.05,0.0145,82.041725
2019-05-04 11:40:04,buy,5658.04,0.0482,272.717528
2019-05-04 11:40:19,sell,5662.16,0.0011,6.228376
2019-05-04 11:40:46,sell,5662.16,0.00000000,0
2019-05-04 11:40:46,sell,5667.86,0.0045,25.50537
2019-05-04 11:41:27,buy,5658.05,0.0146,82.60753
2019-05-04 11:41:27,buy,5658.04,0.5206,2945.575624
2019-05-04 11:41:50,buy,5658.05,0.0146,82.60753
2019-05-04 11:41:52,buy,5658.04,1.4312,8097.786848
2019-05-04 11:41:52,buy,5658.01,0.7788,4406.458188
2019-05-04 11:41:56,buy,5658.01,0.4999,2828.439199
2019-05-04 11:42:08,buy,5657.21,0.5812,3287.970452
2019-05-04 11:42:10,buy,5655.86,0.001,5.65586
2019-05-04 11:42:58,sell,5658.03,0.05,282.9015
2019-05-04 11:43:02,sell,5658.05,0.01,56.5805
2019-05-04 11:43:07,buy,5655.86,0.002,11.31172
2019-05-04 11:43:07,buy,5655.86,0.0042,23.754612
2019-05-04 11:43:16,buy,5655.86,0.0264,149.314704
2019-05-04 11:43:21,buy,5655.86,0.3,1696.758
2019-05-04 11:43:23,buy,5655.86,1.6694,9441.892684
2019-05-04 11:43:49,buy,5653.81,0.0049,27.703669
2019-05-04 11:44:10,buy,5653.81,0.0001,0.565381
2019-05-04 11:44:10,buy,5653.81,0.9999,5653.244619
2019-05-04 11:44:15,buy,5653.81,0.0001,0.565381
2019-05-04 11:44:15,buy,5652.65,0.0073,41.264345
2019-05-04 11:44:33,buy,5652.65,0.2,1130.53
2019-05-04 11:44:42,buy,5652.65,0.002,11.3053
2019-05-04 11:44:42,buy,5652.65,0.0218,123.22777
2019-05-04 11:44:43,buy,5652.65,0.3,1695.795
2019-05-04 11:44:46,buy,5652.65,0.1972,1114.70258
2019-05-04 11:44:46,buy,5652.65,1,5652.65
2019-05-04 11:44:46,buy,5652.64,2.1328,12055.950592
2019-05-04 11:45:08,buy,5652.64,0.0046,26.002144
2019-05-04 11:45:11,buy,5652.64,0.2468,1395.071552
2019-05-04 11:45:11,buy,5652.64,0.0812,458.994368
2019-05-04 11:45:15,buy,5652.64,0.0024,13.566336
2019-05-04 11:45:42,buy,5652.64,0.0713,403.033232
2019-05-04 11:45:42,buy,5652.64,0.2287,1292.758768
2019-05-04 11:45:50,buy,5652.64,0.7713,4359.881232
2019-05-04 11:46:39,buy,5650,0.0087,49.155
2019-05-04 11:46:40,buy,5650,0.0013,7.345
2019-05-04 11:46:40,buy,5650,0.0083,46.895
2019-05-04 11:47:41,buy,5650.01,0.1837,1037.906837
2019-05-04 11:48:15,buy,5650.01,0.0074,41.810074
2019-05-04 11:48:19,sell,5652.56,0.1318,745.007408
2019-05-04 11:48:32,buy,5650.01,0.0034,19.210034
2019-05-04 11:49:01,buy,5652.58,0.0079,44.655382
2019-05-04 11:49:02,buy,5650.02,0.0052,29.380104
2019-05-04 11:49:09,sell,5652.58,0.316,1786.21528
2019-05-04 11:49:09,sell,5652.58,0.05,282.629
2019-05-04 11:49:09,buy,5652.58,0.1946,1099.992068
2019-05-04 11:49:22,buy,5650.02,0.0948,535.621896
2019-05-04 11:49:22,buy,5650.02,0.0426,240.690852
2019-05-04 11:49:22,buy,5650,0.1626,918.69
2019-05-04 11:49:23,buy,5650,0.9348,5281.62
2019-05-04 11:49:24,buy,5650,0.8538,4823.97
2019-05-04 11:49:28,buy,5650,0.8898,5027.37
2019-05-04 11:49:30,buy,5650,0.1607,907.955
2019-05-04 11:49:30,buy,5650,0.102,576.3
2019-05-04 11:49:30,buy,5650,0.2708,1530.02
2019-05-04 11:49:33,buy,5648.67,0.0401,226.511667
2019-05-04 11:49:33,buy,5648.25,0.0497,280.718025
2019-05-04 11:49:38,buy,5650,0.0193,109.045
2019-05-04 11:49:40,buy,5650,0.0096,54.24
2019-05-04 11:49:45,buy,5648.25,0.3,1694.475
2019-05-04 11:49:51,buy,5648.25,0.4814,2719.06755
2019-05-04 11:49:51,buy,5648.06,0.013,73.42478
2019-05-04 11:49:56,sell,5648.03,0.0531,299.910393
2019-05-04 11:50:01,buy,5647.05,0.0197,111.246885
2019-05-04 11:50:02,buy,5647.05,0.0001,0.564705
2019-05-04 11:50:02,buy,5645.86,0.003,16.93758
2019-05-04 11:50:02,buy,5645.27,0.0019,10.726013
2019-05-04 11:50:02,buy,5645.05,0.0075,42.337875
2019-05-04 11:50:07,buy,5645.05,0.0013,7.338565
2019-05-04 11:50:07,buy,5645.05,0.0128,72.25664
2019-05-04 11:50:07,buy,5645.05,0.0141,79.595205
2019-05-04 11:50:08,buy,5645.05,0.0052,29.35426
2019-05-04 11:50:10,buy,5645.05,0.0565,318.945325
2019-05-04 11:50:11,buy,5645,0.0067,37.8215
2019-05-04 11:50:11,buy,5645,0.006,33.87
2019-05-04 11:50:11,buy,5644.4,0.0478,269.80232
2019-05-04 11:50:11,buy,5644.4,0.7441,4199.99804
2019-05-04 11:50:17,buy,5644.4,0.0769,434.05436
2019-05-04 11:50:29,buy,5644.4,0.1298,732.64312
2019-05-04 11:50:35,buy,5644.4,0.1996,1126.62224
2019-05-04 11:50:38,buy,5644.4,0.1996,1126.62224
2019-05-04 11:51:06,buy,5640.2,0.0008,4.51216
2019-05-04 11:51:06,buy,5640.2,0.0086,48.50572
2019-05-04 11:51:20,buy,5640.2,0.0042,23.68884
2019-05-04 11:51:49,buy,5640.2,0.1586,894.53572
2019-05-04 11:51:51,sell,5640.2,0.0121,68.24642
2019-05-04 11:51:51,sell,5640.2,0.0271,152.84942
2019-05-04 11:51:54,sell,5640.2,0.0042,23.68884
2019-05-04 11:52:55,sell,5640.2,0.005,28.201
2019-05-04 11:53:35,sell,5640.2,0.01,56.402
2019-05-04 11:53:35,sell,5640.2,0.01,56.402
2019-05-04 11:53:35,sell,5640.2,0.01,56.402
2019-05-04 11:53:35,sell,5640.2,0.01,56.402
2019-05-04 11:53:36,sell,5640.2,0.01,56.402
2019-05-04 11:53:36,sell,5640.2,0.01,56.402
2019-05-04 11:53:36,sell,5640.2,0.0048,27.07296
2019-05-04 11:53:37,sell,5650,0.0147,83.055
2019-05-04 11:53:43,sell,5649.98,0.0472,266.679056
2019-05-04 11:53:43,buy,5640.19,0.0077,43.429463
2019-05-04 11:53:46,buy,5640.19,0.0204,115.059876
2019-05-04 11:58:16,sell,5642.34,0.022,124.13148
2019-05-04 11:58:28,sell,5642.34,0.7089,3999.854826
2019-05-04 11:59:08,sell,5642.34,0.0086,48.524124
2019-05-04 11:59:47,sell,5642.34,0.0002,1.128468
2019-05-05 12:00:00,sell,5646.1,0.3,1693.83
2019-05-05 12:00:02,buy,5646.1,0.0052,29.35972
2019-05-05 12:00:02,buy,5646.1,0.0094,53.07334
2019-05-05 12:00:02,buy,5646.1,0.0262,147.92782
2019-05-05 12:00:03,buy,5646.1,0.0131,73.96391
2019-05-05 12:00:05,buy,5646.1,0.1144,645.91384
2019-05-05 12:00:21,buy,5640.38,0.009,50.76342
2019-05-05 12:00:21,buy,5640.19,0.002,11.28038
2019-05-05 12:00:21,buy,5640.19,0.0461,260.012759
2019-05-05 12:00:21,buy,5640.14,0.0451,254.370314
2019-05-05 12:00:24,buy,5638.32,0.0721,406.522872
2019-05-05 12:00:24,buy,5638.32,0.0439,247.522248
2019-05-05 12:00:24,buy,5636.68,0.7425,4185.2349
2019-05-05 12:00:40,sell,5640.45,0.0097,54.712365
2019-05-05 12:00:40,sell,5641.27,0.0257,144.980639
2019-05-05 12:00:40,buy,5636.5,0.0265,149.36725
2019-05-05 12:01:25,buy,5636.51,0.019,107.09369
2019-05-05 12:01:25,buy,5636.5,0.0134,75.5291
2019-05-05 12:02:40,sell,5643.04,0.0172,97.060288
2019-05-05 12:03:11,buy,5630.86,0.003,16.89258
2019-05-05 12:03:11,buy,5630.86,0.003,16.89258
2019-05-05 12:03:11,buy,5630.86,0.003,16.89258
2019-05-05 12:03:11,buy,5630.85,0.0026,14.64021
2019-05-05 12:03:11,buy,5630.44,0.026,146.39144
2019-05-05 12:03:11,buy,5630.44,0.026,146.39144
2019-05-05 12:03:11,buy,5630.44,0.052,292.78288
2019-05-05 12:03:14,sell,5630.44,0.0065,36.59786
2019-05-05 12:03:16,sell,5630.44,0.0075,42.2283
2019-05-05 12:03:16,sell,5630.44,0.0171,96.280524
2019-05-05 12:03:18,sell,5630.44,0.0533,300.102452
2019-05-05 12:03:21,buy,5630.2,0.0008,4.50416
2019-05-05 12:03:21,buy,5625.34,0.0052,29.251768
2019-05-05 12:03:44,buy,5626,0.005,28.13
2019-05-05 12:03:44,buy,5625.36,0.022,123.75792
2019-05-05 12:03:53,buy,5626,0.1032,580.6032
2019-05-05 12:03:53,buy,5621.86,0.1615,907.93039
2019-05-05 12:04:03,sell,5630.44,0.00000000,0
2019-05-05 12:04:03,sell,5630.86,0.0003,1.689258
2019-05-05 12:04:05,sell,5630.86,0.0993,559.144398
2019-05-05 12:04:19,sell,5630.85,0.0133,74.890305
2019-05-05 12:04:19,sell,5630.86,0.0887,499.457282
2019-05-05 12:04:24,sell,5630.86,0.0074,41.668364
2019-05-05 12:04:42,sell,5630.86,0.0531,298.998666
2019-05-05 12:04:54,sell,5630.86,0.102,574.34772
2019-05-05 12:04:59,sell,5630.86,0.102,574.34772
2019-05-05 12:05:01,buy,5630.85,0.0073,41.105205
2019-05-05 12:05:01,buy,5630.85,0.0106,59.68701
2019-05-05 12:05:01,buy,5630.85,0.0016,9.00936
2019-05-05 12:05:08,sell,5630.86,0.043,242.12698
2019-05-05 12:05:09,sell,5630.86,0.122,686.96492
2019-05-05 12:05:12,sell,5630.86,0.3,1689.258
2019-05-05 12:05:54,sell,5630,0.0065,36.595
2019-05-05 12:05:55,sell,5630,0.0063,35.469
2019-05-05 12:06:07,sell,5637.78,0.0052,29.316456
2019-05-05 12:06:24,buy,5630.86,0.0035,19.70801
2019-05-05 12:06:26,sell,5630.79,0.00000000,0
2019-05-05 12:06:56,buy,5631,0.272,1531.632
2019-05-05 12:07:16,sell,5634.05,0.0027,15.211935
2019-05-05 12:07:17,buy,5631,0.0001,0.5631
2019-05-05 12:07:17,buy,5631,0.002,11.262
2019-05-05 12:07:17,buy,5628.8,0.0026,14.63488
2019-05-05 12:07:41,buy,5628.8,0.0024,13.50912
2019-05-05 12:07:41,buy,5628.8,0.0206,115.95328
2019-05-05 12:08:11,sell,5637.73,0.0686,386.748278
2019-05-05 12:10:39,sell,5637.71,0.1401,789.843171
2019-05-05 12:10:55,sell,5639.27,0.0004,2.255708
2019-05-05 12:12:20,sell,5650,0.0003,1.695
2019-05-05 12:12:37,sell,5644.34,0.0025,14.11085
2019-05-05 12:12:37,sell,5650,0.0012,6.78
2019-05-05 12:12:58,buy,5640.19,0.0033,18.612627
2019-05-05 12:13:44,sell,5648.52,0.0046,25.983192
2019-05-05 12:14:16,buy,5644.04,0.0007,3.950828
2019-05-05 12:14:16,buy,5644.03,0.0164,92.562092
2019-05-05 12:14:29,sell,5648.52,0.0056,31.631712
2019-05-05 12:14:29,sell,5649.97,0.0994,561.607018
2019-05-05 12:14:30,sell,5649.97,0.0006,3.389982
2019-05-05 12:14:37,sell,5649.97,0.0006,3.389982
2019-05-05 12:14:37,sell,5649.97,0.0006,3.389982
2019-05-05 12:14:37,sell,5649.97,0.0006,3.389982
2019-05-05 12:14:38,sell,5649.97,0.0006,3.389982
2019-05-05 12:15:41,buy,5644.41,0.0013,7.337733
2019-05-05 12:16:05,buy,5644.41,0.715,4035.75315
2019-05-05 12:16:27,sell,5649.97,0.0154,87.009538
2019-05-05 12:16:27,sell,5650,0.0057,32.205
2019-05-05 12:16:43,sell,5650,0.0604,341.26
2019-05-05 12:16:44,sell,5650,0.3633,2052.645
2019-05-05 12:17:24,buy,5650.05,0.002,11.3001
2019-05-05 12:17:32,sell,5652.59,0.1731,978.463329
2019-05-05 12:17:33,buy,5650.05,0.048,271.2024
2019-05-05 12:17:33,buy,5650.04,0.005,28.2502
2019-05-05 12:17:33,buy,5650.03,0.1153,651.448459
2019-05-05 12:17:48,sell,5652.59,0.1038,586.738842
2019-05-05 12:18:06,sell,5652.65,0.0115,65.005475
2019-05-05 12:18:13,sell,5655.86,0.003,16.96758
2019-05-05 12:19:08,buy,5652.62,0.0189,106.834518
2019-05-05 12:19:12,sell,5654.33,0.0015,8.481495
2019-05-05 12:19:12,sell,5660,0.0001,0.566
2019-05-05 12:19:14,buy,5652.6,0.0253,143.01078
2019-05-05 12:19:14,sell,5660,0.0025,14.15
2019-05-05 12:19:25,sell,5660,0.0026,14.716
2019-05-05 12:19:25,buy,5652.6,0.0193,109.09518
2019-05-05 12:19:53,sell,5660,0.4838,2738.308
2019-05-05 12:20:03,sell,5659,0.0584,330.4856
2019-05-05 12:20:44,sell,5660,0.1058,598.828
2019-05-05 12:20:44,sell,5660,0.0352,199.232
2019-05-05 12:20:53,sell,5660,0.37,2094.2
2019-05-05 12:20:53,sell,5660,0.002,11.32
2019-05-05 12:20:53,sell,5664.41,0.0814,461.082974
2019-05-05 12:21:50,buy,5665,0.0014,7.931
2019-05-05 12:21:53,buy,5665,0.0021,11.8965
2019-05-05 12:21:56,buy,5665,0.002,11.33
2019-05-05 12:22:02,buy,5665,0.0351,198.8415
2019-05-05 12:22:28,sell,5665,0.0013,7.3645
2019-05-05 12:22:47,sell,5668.17,0.002,11.33634
2019-05-05 12:23:14,buy,5668.28,0.0035,19.83898
2019-05-05 12:23:16,buy,5668.28,0.237,1343.38236
2019-05-05 12:23:25,buy,5654.63,0.0103,58.242689
2019-05-05 12:23:46,sell,5667.35,0.005,28.33675
2019-05-05 12:24:01,sell,5654.62,0.0042,23.749404
2019-05-05 12:25:25,sell,5661.31,0.0013,7.359703
2019-05-05 12:26:36,buy,5658.09,0.1259,712.353531
2019-05-05 12:28:35,sell,5662.62,0.0008,4.530096
2019-05-05 12:28:35,sell,5662.62,0.0063,35.674506
2019-05-05 12:28:42,buy,5662.05,0.0223,126.263715
2019-05-05 12:28:50,buy,5660.96,0.2793,1581.106128
2019-05-05 12:29:03,sell,5662.62,0.0528,298.986336
2019-05-05 12:29:30,buy,5668.28,0.122,691.53016
2019-05-05 12:29:58,sell,5668.27,0.002,11.33654
2019-05-05 12:29:58,sell,5668.28,0.5549,3145.328572
2019-05-05 12:30:56,buy,5668.28,0.0008,4.534624
2019-05-05 12:31:28,buy,5668.28,0.0215,121.86802
2019-05-05 12:32:42,sell,5668.29,0.12,680.1948
2019-05-05 12:32:42,sell,5668.29,0.002,11.33658
2019-05-05 12:32:42,sell,5668.3,0.079,447.7957
2019-05-05 12:32:42,sell,5669.11,0.001,5.66911
2019-05-05 12:33:02,buy,5668.3,0.3437,1948.19471
2019-05-05 12:33:14,sell,5669.11,0.00000000,0
2019-05-05 12:33:14,sell,5670.86,0.0029,16.445494
2019-05-05 12:33:27,buy,5668.3,0.093,527.1519
2019-05-05 12:33:38,buy,5668.3,0.00000000,0
2019-05-05 12:33:38,buy,5668.28,0.0484,274.344752
2019-05-05 12:33:56,buy,5668.52,0.0529,299.864708
2019-05-05 12:33:59,buy,5668.28,0.00000000,0
2019-05-05 12:33:59,buy,5667.02,0.0009,5.100318
2019-05-05 12:34:18,sell,5670.86,0.0001,0.567086
2019-05-05 12:34:22,buy,5670.86,0.0114,64.647804
2019-05-05 12:34:58,buy,5670.86,0.00000000,0
2019-05-05 12:34:58,buy,5666.87,0.0417,236.308479
2019-05-05 12:36:30,sell,5666.76,0.2455,1391.18958
2019-05-05 12:36:30,sell,5676,0.0545,309.342
2019-05-05 12:37:56,buy,5666.02,0.0603,341.661006
2019-05-05 12:38:30,buy,5666.01,0.3239,1835.220639
2019-05-05 12:38:32,sell,5666.01,0.0008,4.532808
2019-05-05 12:38:35,buy,5666,0.01,56.66
2019-05-05 12:39:56,buy,5661,0.0014,7.9254
2019-05-05 12:40:04,buy,5661,0.0195,110.3895
2019-05-05 12:41:46,sell,5665.99,0.002,11.33198
2019-05-05 12:41:46,sell,5666,0.1339,758.6774
2019-05-05 12:41:52,sell,5666.01,0.0208,117.853008
2019-05-05 12:41:58,sell,5666.03,0.0064,36.262592
2019-05-05 12:42:21,sell,5672.4,0.3,1701.72
2019-05-05 12:42:25,sell,5675.42,0.0721,409.197782
2019-05-05 12:42:47,sell,5675.39,0.01,56.7539
2019-05-05 12:43:54,sell,5669.72,0.0008,4.535776
2019-05-05 12:43:59,sell,5669.72,0.00000000,0
2019-05-05 12:43:59,sell,5676.16,0.1242,704.979072
2019-05-05 12:44:54,sell,5675.62,0.0372,211.133064
2019-05-05 12:45:06,sell,5676.14,0.1692,960.402888
2019-05-05 12:45:22,sell,5676.12,0.001,5.67612
2019-05-05 12:46:22,sell,5670.4,0.0013,7.37152
2019-05-05 12:46:43,buy,5670.4,0.0227,128.71808
2019-05-05 12:47:13,buy,5669.72,0.009,51.02748
2019-05-05 12:47:13,buy,5669.71,0.0822,466.050162
2019-05-05 12:47:13,buy,5669.71,0.8288,4699.055648
2019-05-05 12:47:22,buy,5669.71,0.0003,1.700913
2019-05-05 12:47:33,sell,5676.12,0.095,539.2314
2019-05-05 12:48:07,sell,5676.15,0.2412,1369.08738
2019-05-05 12:49:28,buy,5670,0.0077,43.659
2019-05-05 12:49:46,buy,5670.01,0.003,17.01003
2019-05-05 12:49:46,buy,5670,0.0452,256.284
2019-05-05 12:50:16,buy,5669.71,0.3,1700.913
2019-05-05 12:50:21,buy,5669.71,1.29,7313.9259
2019-05-05 12:50:22,buy,5669.71,1.5999,9070.969029
2019-05-05 12:50:40,buy,5669.71,0.0082,46.491622
2019-05-05 12:50:45,buy,5668.5,0.1,566.85
2019-05-05 12:50:45,buy,5666,0.1,566.6
2019-05-05 12:50:45,buy,5661,0.0312,176.6232
2019-05-05 12:50:45,buy,5660,0.0662,374.692
2019-05-05 12:50:45,buy,5660,0.0026,14.716
2019-05-05 12:51:04,sell,5670.38,0.11,623.7418
2019-05-05 12:51:35,sell,5661.45,0.0023,13.021335
2019-05-05 12:51:35,sell,5667.13,0.3,1700.139
2019-05-05 12:51:35,sell,5670.2,0.0977,553.97854
2019-05-05 12:53:19,buy,5670.11,0.084,476.28924
2019-05-05 12:54:04,buy,5660.17,0.0061,34.527037
2019-05-05 12:54:18,buy,5660.18,0.0174,98.487132
2019-05-05 12:54:18,buy,5660.15,0.002,11.3203
2019-05-05 12:54:18,buy,5660,0.0681,385.446
2019-05-05 12:54:18,buy,5658.49,0.0224,126.750176
2019-05-05 12:55:23,sell,5662.05,0.0033,18.684765
2019-05-05 12:55:23,sell,5662.05,0.0023,13.022715
2019-05-05 12:56:04,buy,5658.5,0.0031,17.54135
2019-05-05 12:56:04,buy,5658.49,0.7763,4392.685787
2019-05-05 12:56:20,buy,5658.49,0.2574,1456.495326
2019-05-05 12:58:06,sell,5664.41,0.0033,18.692553
2019-05-05 01:00:30,buy,5660.02,0.002,11.32004
2019-05-05 01:02:37,buy,5660.01,0.01,56.6001
2019-05-05 01:02:37,buy,5660,0.0079,44.714
2019-05-05 01:02:57,buy,5660,0.0539,305.074
2019-05-05 01:02:57,buy,5660,0.1202,680.332
2019-05-05 01:04:11,buy,5660.01,0.0015,8.490015
2019-05-05 01:06:16,sell,5667.47,0.061,345.71567
2019-05-05 01:06:47,sell,5661.75,0.0013,7.360275
2019-05-05 01:06:52,buy,5667.43,0.009,51.00687
2019-05-05 01:07:05,sell,5667.48,0.0002,1.133496
2019-05-05 01:07:17,buy,5660,0.0074,41.884
2019-05-05 01:08:00,buy,5660,0.2878,1628.948
2019-05-05 01:08:00,buy,5660,0.018,101.88
2019-05-05 01:08:48,sell,5666.12,0.0149,84.425188
2019-05-05 01:08:48,sell,5667.45,0.803,4550.96235
2019-05-05 01:09:57,sell,5666,0.0011,6.2326
2019-05-05 01:10:15,buy,5666,0.1989,1126.9674
2019-05-05 01:10:24,sell,5665,0.0332,188.078
2019-05-05 01:10:37,sell,5665,0.4,2266
2019-05-05 01:10:57,sell,5665,0.2,1133
2019-05-05 01:10:57,sell,5665,0.1053,596.5245
2019-05-05 01:10:58,sell,5665,0.0001,0.5665
2019-05-05 01:10:59,sell,5667,0.0599,339.4533
2019-05-05 01:11:45,sell,5667,0.0221,125.2407
2019-05-05 01:11:46,sell,5667,0.2432,1378.2144
2019-05-05 01:11:46,sell,5667,0.7774,4405.5258
2019-05-05 01:11:59,sell,5667,0.1474,835.3158
2019-05-05 01:12:36,sell,5668.82,0.0012,6.802584
2019-05-05 01:12:52,sell,5668.82,0.00000000,0
2019-05-05 01:13:09,buy,5667.13,0.0032,18.134816
2019-05-05 01:13:09,sell,5674.5,0.0655,371.67975
2019-05-05 01:14:00,sell,5674,0.2643,1499.6382
2019-05-05 01:14:45,sell,5674,0.4388,2489.7512
2019-05-05 01:14:57,sell,5673,0.0037,20.9901
2019-05-05 01:14:58,sell,5673,0.1795,1018.3035
2019-05-05 01:14:59,sell,5673,1.1918,6761.0814
2019-05-05 01:15:05,sell,5674,0.0275,156.035
2019-05-05 01:15:07,sell,5674,0.0255,144.687
2019-05-05 01:15:16,buy,5674,0.0275,156.035
2019-05-05 01:15:16,sell,5674,0.3,1702.2
2019-05-05 01:15:16,sell,5674,0.09,510.66
2019-05-05 01:15:18,sell,5674,0.2,1134.8
2019-05-05 01:15:18,sell,5674,0.0631,358.0294
2019-05-05 01:15:28,buy,5670.72,0.0013,7.371936
2019-05-05 01:15:29,sell,5674,0.0051,28.9374
2019-05-05 01:15:34,sell,5674,0.3683,2089.7342
2019-05-05 01:15:36,sell,5674,0.00000000,0
2019-05-05 01:15:36,sell,5674.5,0.0001,0.56745
2019-05-05 01:15:36,sell,5676.17,0.002,11.35234
2019-05-05 01:15:36,sell,5678,0.124,704.072
2019-05-05 01:15:36,sell,5679.85,0.0671,381.117935
2019-05-05 01:15:36,sell,5679.88,0.1068,606.611184
2019-05-05 01:15:36,sell,5679.88,0.17,965.5796
2019-05-05 01:15:38,sell,5679.88,0.03,170.3964
2019-05-05 01:16:13,sell,5679.88,0.1405,798.02314
2019-05-05 01:16:38,sell,5679.88,0.2321,1318.300148
2019-05-05 01:17:26,sell,5678,1.2212,6933.9736
2019-05-05 01:17:26,sell,5679,0.7788,4422.8052
2019-05-05 01:17:36,buy,5670.68,0.0455,258.01594
2019-05-05 01:17:38,sell,5671,0.0023,13.0433
2019-05-05 01:17:39,sell,5671,0.0051,28.9221
2019-05-05 01:17:41,sell,5671,0.0047,26.6537
2019-05-05 01:17:57,buy,5670.69,0.008,45.36552
2019-05-05 01:17:57,buy,5670.65,0.4066,2305.68629
2019-05-05 01:18:07,sell,5671,0.2764,1567.4644
2019-05-05 01:18:23,buy,5670.67,0.0028,15.877876
2019-05-05 01:18:35,sell,5671,0.0002,1.1342
2019-05-05 01:19:40,sell,5678,0.011,62.458
2019-05-05 01:19:40,sell,5679.88,0.0134,76.110392
2019-05-05 01:20:03,sell,5679.88,0.0055,31.23934
2019-05-05 01:20:30,sell,5679.88,0.3017,1713.619796
2019-05-05 01:20:45,sell,5679.88,0.0001,0.567988
2019-05-05 01:20:47,buy,5679.88,0.0005,2.83994
2019-05-05 01:20:49,buy,5679.88,0.0003,1.703964
2019-05-05 01:21:20,sell,5680.86,0.003,17.04258
2019-05-05 01:21:20,sell,5680.86,0.003,17.04258
2019-05-05 01:21:20,sell,5680.86,0.003,17.04258
2019-05-05 01:21:20,sell,5680.86,0.003,17.04258
2019-05-05 01:21:21,buy,5679.88,0.0034,19.311592
2019-05-05 01:22:05,buy,5679.95,0.0288,163.58256
2019-05-05 01:24:19,buy,5680.09,0.0022,12.496198
2019-05-05 01:25:57,sell,5683.92,0.0004,2.273568
2019-05-05 01:26:25,sell,5687.5,0.005,28.4375
2019-05-05 01:27:21,buy,5687.51,0.0012,6.825012
2019-05-05 01:27:29,sell,5688.08,0.0003,1.706424
2019-05-05 01:27:43,sell,5688.08,0.0047,26.733976
2019-05-05 01:29:23,buy,5688.1,0.0145,82.47745
2019-05-05 01:29:23,buy,5688.09,0.0883,502.258347
2019-05-05 01:29:23,buy,5688.08,1.23,6996.3384
2019-05-05 01:29:29,buy,5688.08,0.7652,4352.518816
2019-05-05 01:29:29,buy,5688.08,0.0001,0.568808
2019-05-05 01:29:32,buy,5687.52,0.02,113.7504
2019-05-05 01:29:43,buy,5687.5,0.1878,1068.1125
2019-05-05 01:29:45,sell,5687.51,0.0016,9.100016
2019-05-05 01:30:16,buy,5687.52,0.0007,3.981264
2019-05-05 01:30:25,buy,5687.52,0.0005,2.84376
2019-05-05 01:30:45,buy,5687.52,0.0416,236.600832
2019-05-05 01:30:45,buy,5687.52,0.1396,793.977792
2019-05-05 01:30:46,buy,5687.52,0.0631,358.882512
2019-05-05 01:31:05,sell,5693.1,0.185,1053.2235
2019-05-05 01:31:05,sell,5695.86,0.003,17.08758
2019-05-05 01:31:06,buy,5695.86,0.0038,21.644268
2019-05-05 01:31:08,buy,5695.86,0.0006,3.417516
2019-05-05 01:31:08,buy,5695.86,0.0158,89.994588
2019-05-05 01:31:09,buy,5695.86,0.0158,89.994588
2019-05-05 01:31:10,buy,5695.86,0.0317,180.558762
2019-05-05 01:31:10,buy,5695.86,0.0513,292.197618
2019-05-05 01:31:11,buy,5695.86,0.0158,89.994588
2019-05-05 01:31:12,buy,5695.86,0.3881,2210.563266
2019-05-05 01:31:14,buy,5695.86,0.0001,0.569586
2019-05-05 01:31:14,buy,5693.08,0.0014,7.970312
2019-05-05 01:31:16,buy,5693.08,0.0158,89.950664
2019-05-05 01:31:16,buy,5693.08,0.0055,31.31194
2019-05-05 01:31:17,buy,5693.08,0.0342,194.703336
2019-05-05 01:31:38,buy,5693.08,0.3,1707.924
2019-05-05 01:31:47,buy,5693.08,0.3,1707.924
2019-05-05 01:31:48,buy,5693.08,0.0388,220.891504
2019-05-05 01:31:57,buy,5693.09,0.0053,30.173377
2019-05-05 01:31:57,buy,5693.08,0.3558,2025.597864
2019-05-05 01:32:23,buy,5693.08,0.0045,25.61886
2019-05-05 01:32:26,buy,5693.08,0.0008,4.554464
2019-05-05 01:32:27,sell,5694.2,0.0529,301.22318
2019-05-05 01:32:27,buy,5693.08,0.0001,0.569308
2019-05-05 01:32:33,buy,5687.52,0.0468,266.175936
2019-05-05 01:32:34,buy,5687.52,0.1284,730.277568
2019-05-05 01:32:34,buy,5687.52,0.6221,3538.206192
2019-05-05 01:32:34,buy,5687.51,0.0043,24.456293
2019-05-05 01:32:46,buy,5687.51,0.002,11.37502
2019-05-05 01:32:55,buy,5687.51,0.3,1706.253
2019-05-05 01:33:02,buy,5687.51,0.6979,3969.313229
2019-05-05 01:33:04,buy,5687.51,0.0001,0.568751
2019-05-05 01:33:09,buy,5683.92,0.0001,0.568392
2019-05-05 01:33:09,buy,5683.13,0.0031,17.617703
2019-05-05 01:34:06,sell,5687.52,0.0062,35.262624
2019-05-05 01:34:17,sell,5687.52,0.0132,75.075264
2019-05-05 01:34:20,sell,5687.52,0.109,619.93968
2019-05-05 01:34:20,sell,5687.52,0.1751,995.884752
2019-05-05 01:34:47,buy,5687.52,0.0009,5.118768
2019-05-05 01:35:29,buy,5687.52,0.0867,493.107984
2019-05-05 01:35:48,buy,5687.52,0.6283,3573.468816
2019-05-05 01:35:48,buy,5687.52,0.4017,2284.676784
2019-05-05 01:35:55,buy,5687.52,0.0449,255.369648
2019-05-05 01:36:02,buy,5687.52,0.0837,476.045424
2019-05-05 01:36:05,buy,5687.52,0.0001,0.568752
2019-05-05 01:36:05,buy,5686.47,0.0039,22.177233
2019-05-05 01:36:24,buy,5686.47,0.0001,0.568647
2019-05-05 01:36:24,buy,5686.47,0.0074,42.079878
2019-05-05 01:36:24,buy,5686.47,0.0031,17.628057
2019-05-05 01:36:25,buy,5686.47,0.0103,58.570641
2019-05-05 01:36:26,buy,5686.47,0.0103,58.570641
2019-05-05 01:36:27,buy,5686.47,0.0084,47.766348
2019-05-05 01:36:28,buy,5686.47,0.0067,38.099349
2019-05-05 01:36:29,buy,5686.47,0.0055,31.275585
2019-05-05 01:36:29,buy,5686.47,0.0339,192.771333
2019-05-05 01:36:29,buy,5683.13,0.0121,68.765873
2019-05-05 01:36:41,buy,5683.13,0.3,1704.939
2019-05-05 01:36:42,sell,5685.76,0.1143,649.882368
2019-05-05 01:37:06,buy,5683.13,0.1969,1119.008297
2019-05-05 01:37:42,buy,5683.13,0.3,1704.939
2019-05-05 01:38:05,buy,5683.13,0.0025,14.207825
2019-05-05 01:38:09,buy,5683.13,0.0005,2.841565
2019-05-05 01:38:26,buy,5683.13,0.0015,8.524695
2019-05-05 01:39:05,buy,5683.13,0.0035,19.890955
2019-05-05 01:39:28,buy,5683.13,0.0254,144.351502
2019-05-05 01:39:55,buy,5683.13,0.2624,1491.253312
2019-05-05 01:40:14,sell,5688.45,0.25,1422.1125
2019-05-05 01:40:34,buy,5683.13,0.7122,4047.525186
2019-05-05 01:40:34,buy,5683.12,0.0001,0.568312
2019-05-05 01:40:42,buy,5683.12,0.0001,0.568312
2019-05-05 01:40:42,buy,5680.86,0.003,17.04258
2019-05-05 01:40:42,buy,5672.24,0.155,879.1972
2019-05-05 01:41:45,sell,5679.87,0.0021,11.927727
2019-05-05 01:41:45,sell,5679.88,0.0008,4.543904
2019-05-05 01:41:48,sell,5679.88,0.0012,6.815856
2019-05-05 01:41:48,sell,5679.9,0.0003,1.70397
2019-05-05 01:41:55,buy,5672.25,0.0145,82.247625
2019-05-05 01:41:55,buy,5672.24,0.0109,61.827416
2019-05-05 01:42:15,buy,5672.24,0.1057,599.555768
2019-05-05 01:43:14,sell,5675.85,0.003,17.02755
2019-05-05 01:43:38,buy,5675.85,0.0038,21.56823
2019-05-05 01:43:47,buy,5683.98,0.0999,567.829602
2019-05-05 01:43:48,buy,5683.98,0.0001,0.568398
2019-05-05 01:43:58,sell,5684.67,0.0721,409.864707
2019-05-05 01:43:58,buy,5684.67,0.0279,158.602293
2019-05-05 01:44:07,sell,5684.65,0.05,284.2325
2019-05-05 01:44:10,buy,5684.65,0.0299,169.971035
2019-05-05 01:44:15,sell,5686.05,0.1,568.605
2019-05-05 01:44:26,sell,5687.03,0.1,568.703
2019-05-05 01:44:37,sell,5686.98,0.08,454.9584
2019-05-05 01:44:47,sell,5686.95,0.08,454.956
2019-05-05 01:44:48,sell,5686.94,0.5486,3119.855284
2019-05-05 01:44:48,sell,5686.95,0.184,1046.3988
2019-05-05 01:44:48,buy,5686.98,0.01,56.8698
2019-05-05 01:44:48,buy,5686.98,0.0036,20.473128
2019-05-05 01:44:49,buy,5686.98,0.0102,58.007196
2019-05-05 01:44:49,buy,5686.98,0.0342,194.494716
2019-05-05 01:44:49,buy,5686.98,0.2094,1190.853612
2019-05-05 01:44:58,sell,5681.29,0.0031,17.611999
2019-05-05 01:44:58,sell,5681.29,0.0024,13.635096
2019-05-05 01:45:02,buy,5681.29,0.0019,10.794451
2019-05-05 01:45:07,sell,5686.29,0.11,625.4919
2019-05-05 01:45:18,sell,5686.21,0.11,625.4831
2019-05-05 01:45:19,sell,5686.21,0.088,500.38648
2019-05-05 01:45:19,sell,5686.21,0.436,2479.18756
2019-05-05 01:45:19,sell,5686.22,0.3,1705.866
2019-05-05 01:45:20,buy,5686.29,0.0054,30.705966
2019-05-05 01:45:21,buy,5686.29,0.1268,721.021572
2019-05-05 01:45:22,buy,5686.29,0.0438,249.059502
2019-05-05 01:45:27,sell,5684.43,0.11,625.2873
2019-05-05 01:45:36,sell,5684.37,0.1,568.437
2019-05-05 01:45:52,sell,5684.33,0.096,545.69568
2019-05-05 01:45:52,sell,5684.34,0.01,56.8434
2019-05-05 01:45:52,buy,5684.37,0.05,284.2185
2019-05-05 01:45:54,buy,5684.37,0.1067,606.522279
2019-05-05 01:46:00,buy,5684.37,0.0252,143.246124
2019-05-05 01:46:00,buy,5684.37,0.1144,650.291928
2019-05-05 01:46:00,buy,5684.37,0.0102,57.980574
2019-05-05 01:46:00,buy,5684.37,0.0113,64.233381
2019-05-05 01:46:01,buy,5684.37,0.0121,68.780877
2019-05-05 01:46:01,buy,5684.37,0.0077,43.769649
2019-05-05 01:46:05,buy,5684.37,0.3,1705.311
2019-05-05 01:46:09,buy,5684.37,0.2563,1456.904031
2019-05-05 01:46:10,buy,5684.37,0.0001,0.568437
2019-05-05 01:49:00,buy,5675.85,0.0233,132.247305
2019-05-05 01:50:44,buy,5675.85,0.0041,23.270985
2019-05-05 01:52:20,buy,5675.85,0.0027,15.324795
2019-05-05 01:52:20,buy,5675.85,0.0227,128.841795
2019-05-05 01:54:41,sell,5675.89,0.0024,13.622136
2019-05-05 01:55:21,sell,5676.55,0.004,22.7062
2019-05-05 01:55:21,sell,5679.93,0.3589,2038.526877
2019-05-05 01:55:25,buy,5676,0.0113,64.1388
2019-05-05 01:55:26,buy,5676,0.0031,17.5956
2019-05-05 01:56:00,buy,5676,0.0005,2.838
2019-05-05 01:56:05,buy,5679.85,0.0077,43.734845
2019-05-05 01:56:23,buy,5679.85,0.0089,50.550665
2019-05-05 01:56:30,buy,5676,0.0017,9.6492
2019-05-05 01:58:24,sell,5685.1,0.0198,112.56498
2019-05-05 01:58:37,sell,5685.07,0.3916,2226.273412
2019-05-05 01:59:06,sell,5685.07,0.803,4565.11121
2019-05-05 01:59:08,buy,5685.07,0.0197,111.995879
2019-05-05 01:59:10,buy,5685.07,0.0262,148.948834
2019-05-05 01:59:11,buy,5685.07,0.0308,175.100156
2019-05-05 01:59:18,buy,5685.07,0.0354,201.251478
2019-05-05 01:59:19,buy,5685.07,0.0012,6.822084
2019-05-05 01:59:27,buy,5685.07,0.0836,475.271852
2019-05-05 02:00:51,sell,5686.05,0.0421,239.382705
2019-05-05 02:01:16,sell,5686.05,0.4872,2770.24356
2019-05-05 02:01:17,buy,5686.05,0.0291,165.464055
2019-05-05 02:01:17,buy,5686.05,0.4837,2750.342385
2019-05-05 02:01:18,buy,5681.24,0.004,22.72496
2019-05-05 02:01:18,buy,5675.89,0.0176,99.895664
2019-05-05 02:01:18,buy,5675.85,0.0282,160.05897
2019-05-05 02:01:18,buy,5672.26,0.2943,1669.346118
2019-05-05 02:04:50,buy,5672.29,0.0257,145.777853
2019-05-05 02:04:50,buy,5672.26,0.1242,704.494692
2019-05-05 02:04:58,buy,5672.26,0.0025,14.18065
2019-05-05 02:04:59,buy,5672.26,0.3,1701.678
2019-05-05 02:05:22,sell,5677.3,0.4888,2775.06424
2019-05-05 02:05:22,sell,5677.31,0.145,823.20995
2019-05-05 02:05:22,buy,5677.35,0.0107,60.747645
2019-05-05 02:05:22,buy,5677.35,0.05,283.8675
2019-05-05 02:05:23,buy,5677.35,0.0107,60.747645
2019-05-05 02:05:25,buy,5677.35,0.0342,194.16537
2019-05-05 02:05:44,buy,5677.35,0.0019,10.786965
2019-05-05 02:07:42,buy,5672.26,0.5733,3251.906658
2019-05-05 02:07:42,buy,5672.23,0.0897,508.799031
2019-05-05 02:07:44,buy,5672.23,0.0001,0.567223
2019-05-05 02:07:44,buy,5671,0.0013,7.3723
2019-05-05 02:07:44,buy,5670.86,0.0007,3.969602
2019-05-05 02:07:44,buy,5670.86,0.0023,13.042978
2019-05-05 02:07:44,buy,5670.65,0.0022,12.47543
2019-05-05 02:07:47,sell,5672.26,0.0777,440.734602
2019-05-05 02:07:57,buy,5670.65,0.0048,27.21912
2019-05-05 02:08:01,buy,5670.65,0.3,1701.195
2019-05-05 02:08:08,buy,5670.65,0.1674,949.26681
2019-05-05 02:08:21,buy,5670.65,0.0001,0.567065
2019-05-05 02:08:21,buy,5670,0.0039,22.113
2019-05-05 02:08:32,buy,5670,0.0013,7.371
2019-05-05 02:08:45,buy,5667.3,0.3,1700.19
2019-05-05 02:10:33,buy,5667.3,0.0023,13.03479
2019-05-05 02:12:29,sell,5672.14,0.0026,14.747564
2019-05-05 02:12:46,buy,5667.32,0.0008,4.533856
2019-05-05 02:13:19,buy,5667.32,0.0012,6.800784
2019-05-05 02:13:27,buy,5667.32,0.0125,70.8415
2019-05-05 02:13:27,buy,5667.31,1.11,6290.7141
2019-05-05 02:13:27,buy,5667.3,0.6977,3954.07521
2019-05-05 02:13:27,buy,5667.3,0.0238,134.88174
2019-05-05 02:13:35,buy,5667.3,0.001,5.6673
2019-05-05 02:14:06,buy,5667.31,0.0146,82.742726
2019-05-05 02:14:06,buy,5667.3,0.0391,221.59143
2019-05-05 02:14:23,buy,5667.3,0.0416,235.75968
2019-05-05 02:14:38,buy,5667.3,0.0487,275.99751
2019-05-05 02:14:46,buy,5667.3,0.0001,0.56673
2019-05-05 02:14:46,buy,5665.8,0.0025,14.1645
2019-05-05 02:14:48,buy,5665.8,0.0004,2.26632
2019-05-05 02:14:49,buy,5665.8,0.0004,2.26632
2019-05-05 02:15:40,buy,5665.8,0.1166,660.63228
2019-05-05 02:15:57,buy,5665.8,0.0001,0.56658
2019-05-05 02:15:57,buy,5661.86,0.0012,6.794232
2019-05-05 02:16:57,buy,5661.86,0.0416,235.533376
2019-05-05 02:17:35,sell,5662.25,0.0021,11.890725
2019-05-05 02:19:05,sell,5663.84,0.0013,7.362992
2019-05-05 02:19:05,sell,5669.51,0.2747,1557.414397
2019-05-05 02:21:01,buy,5669.58,0.0299,169.520442
2019-05-05 02:21:09,buy,5670,0.3,1701
2019-05-05 02:21:27,buy,5669.58,0.0351,199.002258
2019-05-05 02:21:36,buy,5669.58,0.0661,374.759238
2019-05-05 02:21:52,buy,5669.58,0.0001,0.566958
2019-05-05 02:21:54,sell,5664.3,0.0008,4.53144
2019-05-05 02:21:54,sell,5668.49,0.014,79.35886
2019-05-05 02:22:06,buy,5668.49,0.0659,373.553491
2019-05-05 02:22:06,buy,5663.9,0.004,22.6556
2019-05-05 02:22:06,buy,5661.86,0.0618,349.902948
2019-05-05 02:23:31,sell,5669.93,0.8184,4640.270712
2019-05-05 02:23:50,sell,5669.93,0.2898,1643.145714
2019-05-05 02:28:09,sell,5664.12,0.0002,1.132824
2019-05-05 02:29:36,sell,5664.11,0.008,45.31288
2019-05-05 02:30:25,buy,5664.11,0.0012,6.796932
2019-05-05 02:31:37,sell,5669.65,0.0414,234.72351
2019-05-05 02:32:00,buy,5664.11,0.1283,726.705313
2019-05-05 02:32:00,buy,5661.86,0.2997,1696.859442
2019-05-05 02:32:41,buy,5660,0.0001,0.566
2019-05-05 02:32:41,buy,5660,0.01,56.6
2019-05-05 02:32:41,buy,5659.55,0.0248,140.35684
2019-05-05 02:32:41,buy,5659.55,0.0952,538.78916
2019-05-05 02:32:41,buy,5658.49,0.0359,203.139791
2019-05-05 02:32:41,buy,5658.49,0.00000000,0
2019-05-05 02:32:41,buy,5655.86,0.003,16.96758
2019-05-05 02:32:41,buy,5655.86,0.003,16.96758
2019-05-05 02:32:41,buy,5655.86,0.00000000,0
2019-05-05 02:32:41,buy,5654.71,0.1831,1035.377401
2019-05-05 02:32:41,buy,5654.71,0.0008,4.523768
2019-05-05 02:32:45,buy,5654.74,0.0524,296.308376
2019-05-05 02:32:45,buy,5654.74,0.0326,184.344524
2019-05-05 02:32:45,buy,5654.74,0.0521,294.611954
2019-05-05 02:33:13,buy,5654.96,0.0013,7.351448
2019-05-05 02:35:29,sell,5660,0.0017,9.622
2019-05-05 02:35:29,sell,5660,0.0101,57.166
2019-05-05 02:35:29,sell,5660,0.0247,139.802
2019-05-05 02:35:29,sell,5660,0.011,62.26
2019-05-05 02:35:59,buy,5659.2,0.0023,13.01616
2019-05-05 02:36:32,sell,5664.11,0.00000000,0
2019-05-05 02:38:46,buy,5665.3,0.0012,6.79836
2019-05-05 02:39:27,sell,5669.83,0.0295,167.259985
2019-05-05 02:40:33,sell,5669.83,0.0407,230.762081
2019-05-05 02:40:33,sell,5670.64,0.013,73.71832
2019-05-05 02:40:33,sell,5675.38,0.4601,2611.242338
2019-05-05 02:40:33,sell,5675.38,0.0706,400.681828
2019-05-05 02:42:26,sell,5671.63,0.0007,3.970141
2019-05-05 02:42:26,sell,5674.81,0.7942,4506.934102
2019-05-05 02:42:28,buy,5663.45,0.0233,131.958385
2019-05-05 02:44:36,buy,5664.64,0.0002,1.132928
2019-05-05 02:46:32,sell,5674.77,0.0092,52.207884
2019-05-05 02:46:32,sell,5674.77,0.0088,49.937976
2019-05-05 02:46:33,sell,5674.77,0.0088,49.937976
2019-05-05 02:46:38,sell,5674.75,0.0043,24.401425
2019-05-05 02:46:41,sell,5674.77,0.0898,509.594346
2019-05-05 02:47:08,sell,5674.77,0.0423,240.042771
2019-05-05 02:47:30,sell,5669.09,0.0029,16.440361
2019-05-05 02:47:32,buy,5669.1,0.2255,1278.38205
2019-05-05 02:48:01,sell,5674.77,0.0001,0.567477
2019-05-05 02:52:16,buy,5672.39,0.389,2206.55971
2019-05-05 02:52:16,buy,5672.38,0.1092,619.423896
2019-05-05 02:52:18,buy,5672.38,0.0001,0.567238
2019-05-05 02:52:18,buy,5669.74,0.0002,1.133948
2019-05-05 02:52:37,buy,5669.74,0.0023,13.040402
2019-05-05 02:53:36,buy,5669.74,0.0016,9.071584
2019-05-05 02:53:36,buy,5669.74,0.0094,53.295556
2019-05-05 02:53:57,buy,5664.41,0.0062,35.119342
2019-05-05 02:54:47,sell,5679.63,0.3,1703.889
2019-05-05 02:54:47,sell,5679.65,0.803,4560.75895
2019-05-05 02:54:47,sell,5680.86,0.003,17.04258
2019-05-05 02:54:47,sell,5682.05,0.4136,2350.09588
2019-05-05 02:54:47,sell,5684.62,0.0721,409.861102
2019-05-05 02:54:47,sell,5687.65,0.2203,1252.989295
2019-05-05 02:54:52,buy,5668.34,0.0092,52.148728
2019-05-05 02:54:53,sell,5684.3,0.002,11.3686
2019-05-05 02:55:20,sell,5684.3,0.0232,131.87576
2019-05-05 02:59:14,sell,5672.68,0.2996,1699.534928
2019-05-05 02:59:29,buy,5664.37,0.0002,1.132874
2019-05-05 03:00:19,sell,5677.92,0.0092,52.236864
2019-05-05 03:00:24,buy,5665.26,0.0274,155.228124
2019-05-05 03:00:27,sell,5677.89,0.0107,60.753423
2019-05-05 03:00:57,sell,5678.14,0.05,283.907
2019-05-05 03:00:57,sell,5678.15,0.0116,65.86654
2019-05-05 03:03:56,sell,5669.27,0.0014,7.936978
2019-05-05 03:06:42,buy,5669.43,0.0031,17.575233
2019-05-05 03:06:49,sell,5670.6,0.0219,124.18614
2019-05-05 03:06:49,sell,5670.6,0.0001,0.56706
2019-05-05 03:12:00,buy,5670,0.0057,32.319
2019-05-05 03:12:22,buy,5664.77,0.002,11.32954
2019-05-05 03:12:28,sell,5670.01,0.0011,6.237011
2019-05-05 03:12:31,sell,5666.79,0.0212,120.135948
2019-05-05 03:12:33,sell,5666.79,0.0095,53.834505
2019-05-05 03:12:38,sell,5666.79,0.0095,53.834505
2019-05-05 03:12:51,buy,5664.99,0.405,2294.32095
2019-05-05 03:14:00,buy,5665.05,0.0972,550.64286
2019-05-05 03:15:15,buy,5667.65,0.0016,9.06824
2019-05-05 03:18:02,sell,5670,0.0069,39.123
2019-05-05 03:18:13,buy,5664.79,0.001,5.66479
2019-05-05 03:18:22,sell,5670,0.0168,95.256
2019-05-05 03:18:48,sell,5670,0.0557,315.819
2019-05-05 03:19:11,sell,5670,0.0177,100.359
2019-05-05 03:21:06,sell,5670,0.4413,2502.171
2019-05-05 03:21:06,buy,5670,0.0008,4.536
2019-05-05 03:21:47,buy,5670,0.386,2188.62
2019-05-05 03:22:13,buy,5670,0.044,249.48
2019-05-05 03:22:49,buy,5670,0.0093,52.731
2019-05-05 03:24:03,buy,5670,0.0009,5.103
2019-05-05 03:24:17,buy,5670,0.0077,43.659
2019-05-05 03:24:20,sell,5671.15,0.0044,24.95306
2019-05-05 03:24:30,sell,5671.15,0.0016,9.07384
2019-05-05 03:27:12,sell,5676.47,0.0087,49.385289
2019-05-05 03:31:15,sell,5670.61,0.009,51.03549
2019-05-05 03:31:15,sell,5675.73,0.0027,15.324471
2019-05-05 03:32:38,buy,5670,0.0006,3.402
2019-05-05 03:35:25,buy,5670,0.0009,5.103
2019-05-05 03:38:08,buy,5670,0.0008,4.536
2019-05-05 03:38:10,buy,5670,0.0016,9.072
2019-05-05 03:38:11,buy,5670,0.0016,9.072
2019-05-05 03:38:31,buy,5670,0.0016,9.072
2019-05-05 03:38:37,buy,5670,0.044,249.48
2019-05-05 03:39:03,buy,5670,0.8162,4627.854
2019-05-05 03:39:04,buy,5670,0.0076,43.092
2019-05-05 03:42:33,buy,5670.12,0.0002,1.134024
2019-05-05 03:43:33,buy,5670.14,0.003,17.01042
2019-05-05 03:43:35,buy,5670,0.0001,0.567
2019-05-05 03:43:35,buy,5667.95,0.006,34.0077
2019-05-05 03:43:43,buy,5667.98,0.0113,64.048174
2019-05-05 03:46:16,buy,5667.9,0.0063,35.70777
2019-05-05 03:46:16,buy,5667.9,0.0097,54.97863
2019-05-05 03:46:16,buy,5667.9,0.0236,133.76244
2019-05-05 03:46:49,sell,5672,0.3,1701.6
2019-05-05 03:46:53,buy,5669.23,0.0012,6.803076
2019-05-05 03:48:07,sell,5672,0.008,45.376
2019-05-05 03:48:07,sell,5672,0.0019,10.7768
2019-05-05 03:48:19,sell,5672,0.0001,0.5672
2019-05-05 03:48:19,sell,5676.98,0.005,28.3849
2019-05-05 03:48:19,sell,5676.98,0.015,85.1547
2019-05-05 03:48:19,sell,5676.98,0.03,170.3094
2019-05-05 03:48:19,sell,5681.81,0.1663,944.885003
2019-05-05 03:48:58,sell,5680,0.15,852
2019-05-05 03:50:21,sell,5674.3,0.0009,5.10687
2019-05-05 03:51:21,sell,5680,0.15,852
2019-05-05 03:51:48,buy,5686,0.0119,67.6634
2019-05-05 03:51:51,buy,5686,0.268,1523.848
2019-05-05 03:52:47,buy,5679.37,0.0031,17.606047
2019-05-05 03:52:52,buy,5679.37,0.00000000,0
2019-05-05 03:52:52,buy,5677.27,0.0721,409.331167
2019-05-05 03:53:04,buy,5675.11,0.05,283.7555
2019-05-05 03:53:04,buy,5675.1,0.0024,13.62024
2019-05-05 03:53:04,sell,5675.09,0.0024,13.620216
2019-05-05 03:53:04,sell,5675.09,0.0174,98.746566
2019-05-05 03:53:38,sell,5682.11,0.0005,2.841055
2019-05-05 03:54:24,sell,5686,0.0196,111.4456
2019-05-05 03:54:26,buy,5685.99,0.0012,6.823188
2019-05-05 03:54:30,sell,5685.57,0.021,119.39697
2019-05-05 03:55:34,sell,5680.31,0.0006,3.408186
2019-05-05 03:57:58,buy,5680.59,0.0009,5.112531
2019-05-05 03:57:58,buy,5680.58,0.006,34.08348
2019-05-05 03:58:09,buy,5680.58,1.1169,6344.639802
2019-05-05 03:58:12,buy,5681.54,0.005,28.4077
2019-05-05 03:58:17,buy,5681.54,0.0002,1.136308
2019-05-05 03:58:17,buy,5680.58,0.0001,0.568058
2019-05-05 03:58:17,buy,5680.58,0.0002,1.136116
2019-05-05 03:58:25,buy,5680.58,0.07,397.6406
2019-05-05 04:00:53,buy,5680.58,0.00000000,0
2019-05-05 04:00:53,buy,5677.62,0.0075,42.58215
2019-05-05 04:01:02,buy,5677.65,0.0014,7.94871
2019-05-05 04:02:09,buy,5678.71,0.557,3163.04147
2019-05-05 04:02:16,buy,5678.71,0.0696,395.238216
2019-05-05 04:02:16,buy,5678.71,0.3962,2249.904902
2019-05-05 04:02:21,buy,5678.71,0.4965,2819.479515
2019-05-05 04:02:23,sell,5683,0.0097,55.1251
2019-05-05 04:03:15,sell,5683,0.0616,350.0728
2019-05-05 04:03:24,sell,5683,0.0087,49.4421
2019-05-05 04:03:24,sell,5683,0.0039,22.1637
2019-05-05 04:03:33,sell,5683,0.0664,377.3512
2019-05-05 04:03:33,sell,5683,0.1406,799.0298
2019-05-05 04:03:53,buy,5682.82,0.0012,6.819384
2019-05-05 04:05:16,sell,5685.57,0.0608,345.682656
2019-05-05 04:05:16,sell,5685.57,0.0608,345.682656
2019-05-05 04:05:16,sell,5685.57,0.1216,691.365312
2019-05-05 04:05:18,sell,5686,0.0304,172.8544
2019-05-05 04:05:18,sell,5686,0.0304,172.8544
2019-05-05 04:06:52,sell,5690.08,0.0008,4.552064
2019-05-05 04:07:58,buy,5687.48,0.0137,77.918476
2019-05-05 04:09:12,sell,5695.76,0.0055,31.32668
2019-05-05 04:09:18,sell,5695.78,0.0015,8.54367
2019-05-05 04:09:22,sell,5695.78,0.001,5.69578
2019-05-05 04:09:27,sell,5695.78,0.0069,39.300882
2019-05-05 04:09:46,buy,5688.58,0.3,1706.574
2019-05-05 04:09:53,buy,5688.56,0.5588,3178.767328
2019-05-05 04:09:58,buy,5688.58,0.478,2719.14124
2019-05-05 04:09:58,buy,5688.58,0.0091,51.766078
2019-05-05 04:09:59,sell,5690.07,0.0005,2.845035
2019-05-05 04:10:11,buy,5688.58,0.05,284.429
2019-05-05 04:10:21,buy,5688.58,0.27,1535.9166
2019-05-05 04:12:10,sell,5695.66,0.0008,4.556528
2019-05-05 04:12:10,sell,5695.66,0.001,5.69566
2019-05-05 04:13:10,sell,5689.96,0.0009,5.120964
2019-05-05 04:13:45,sell,5695.86,0.003,17.08758
2019-05-05 04:13:48,sell,5696,0.015,85.44
2019-05-05 04:14:09,buy,5695.99,0.0119,67.782281
2019-05-05 04:14:26,sell,5699.02,0.0002,1.139804
2019-05-05 04:14:28,sell,5700,1.5165,8644.05
2019-05-05 04:14:28,sell,5700,0.1954,1113.78
2019-05-05 04:14:28,sell,5700,0.114,649.8
2019-05-05 04:14:28,sell,5700,0.5425,3092.25
2019-05-05 04:15:14,buy,5700,0.0005,2.85
2019-05-05 04:16:03,buy,5700,0.0109,62.13
2019-05-05 04:16:18,buy,5700,0.3,1710
2019-05-05 04:16:25,buy,5700,0.0093,53.01
2019-05-05 04:16:26,buy,5700,0.0093,53.01
2019-05-05 04:16:27,buy,5700,0.0364,207.48
2019-05-05 04:16:29,buy,5700,1.22,6954
2019-05-05 04:16:36,buy,5700,0.0021,11.97
2019-05-05 04:16:38,buy,5700,0.0104,59.28
2019-05-05 04:16:39,buy,5700,0.7136,4067.52
2019-05-05 04:16:39,buy,5700,0.8863,5051.91
2019-05-05 04:16:45,buy,5700,0.3,1710
2019-05-05 04:16:48,buy,5700,0.5615,3200.55
2019-05-05 04:17:08,buy,5698.78,0.0015,8.54817
2019-05-05 04:17:09,buy,5703.21,0.1916,1092.735036
2019-05-05 04:18:07,buy,5700,0.004,22.8
2019-05-05 04:18:43,buy,5700.01,0.0004,2.280004
2019-05-05 04:18:46,buy,5700.01,0.0004,2.280004
2019-05-05 04:18:49,buy,5700.01,0.0004,2.280004
2019-05-05 04:18:52,buy,5700.01,0.0004,2.280004
2019-05-05 04:20:56,buy,5700.03,0.0032,18.240096
2019-05-05 04:21:24,sell,5703.2,0.0076,43.34432
2019-05-05 04:22:46,sell,5703.22,0.0069,39.352218
2019-05-05 04:22:52,sell,5703.22,0.038,216.72236
2019-05-05 04:23:45,buy,5700.11,0.0017,9.690187
2019-05-05 04:24:40,buy,5700.11,0.0438,249.664818
2019-05-05 04:25:23,sell,5703.22,0.0102,58.172844
2019-05-05 04:25:48,sell,5703.22,0.0163,92.962486
2019-05-05 04:25:49,sell,5703.22,0.0002,1.140644
2019-05-05 04:25:49,sell,5704.26,0.0017,9.697242
2019-05-05 04:25:51,sell,5704.26,0.0003,1.711278
2019-05-05 04:25:51,sell,5705.86,0.003,17.11758
2019-05-05 04:25:51,sell,5705.86,0.003,17.11758
2019-05-05 04:25:51,sell,5705.86,0.0026,14.835236
2019-05-05 04:25:52,sell,5705.86,0.0004,2.282344
2019-05-05 04:25:52,sell,5705.88,0.0085,48.49998
2019-05-05 04:25:55,sell,5705.88,0.1253,714.946764
2019-05-05 04:26:32,buy,5701.55,0.001,5.70155
2019-05-05 04:26:49,sell,5705.88,0.0452,257.905776
2019-05-05 04:27:33,sell,5705.88,0.821,4684.52748
2019-05-05 04:28:36,sell,5709.74,0.0007,3.996818
2019-05-05 04:28:39,sell,5709.74,0.3707,2116.600618
2019-05-05 04:28:42,buy,5709.74,0.0033,18.842142
2019-05-05 04:29:01,sell,5710,0.0214,122.194
2019-05-05 04:29:25,buy,5704.39,0.001,5.70439
2019-05-05 04:30:59,sell,5710,0.09,513.9
2019-05-05 04:31:31,sell,5710,0.0013,7.423
2019-05-05 04:31:31,sell,5710,0.00000000,0
2019-05-05 04:32:00,sell,5713.8,0.0034,19.42692
2019-05-05 04:32:09,sell,5713.8,0.1058,604.52004
2019-05-05 04:32:10,buy,5711.56,0.0009,5.140404
2019-05-05 04:32:12,sell,5713.8,0.0098,55.99524
2019-05-05 04:32:18,sell,5713.8,0.039,222.8382
2019-05-05 04:34:41,sell,5718.82,0.1822,1041.969004
2019-05-05 04:34:41,sell,5720.58,0.002,11.44116
2019-05-05 04:34:41,sell,5720.86,0.003,17.16258
2019-05-05 04:34:41,sell,5723.84,0.0128,73.265152
2019-05-05 04:35:03,buy,5719.53,0.0006,3.431718
2019-05-05 04:36:39,buy,5720.87,0.015,85.81305
2019-05-05 04:36:39,buy,5720.86,0.697,3987.43942
2019-05-05 04:36:39,buy,5720.85,0.9293,5316.385905
2019-05-05 04:38:09,sell,5720.14,0.0003,1.716042
2019-05-05 04:38:38,sell,5725.84,0.0048,27.484032
2019-05-05 04:38:41,buy,5719.16,1.11,6348.2676
2019-05-05 04:39:38,buy,5719.16,0.3,1715.748
2019-05-05 04:39:43,buy,5719.16,0.3,1715.748
2019-05-05 04:39:46,buy,5719.16,0.3596,2056.609936
2019-05-05 04:40:02,buy,5719.16,0.0221,126.393436
2019-05-05 04:42:09,sell,5719.5,0.0028,16.0146
2019-05-05 04:43:30,buy,5721.9,0.0024,13.73256
2019-05-05 04:44:31,sell,5725.87,0.0881,504.449147
2019-05-05 04:44:31,sell,5725.87,0.0158,90.468746
2019-05-05 04:45:07,sell,5728.57,0.0015,8.592855
2019-05-05 04:45:08,sell,5729.11,0.002,11.45822
2019-05-05 04:45:10,buy,5728.11,0.3,1718.433
2019-05-05 04:45:10,buy,5728.09,0.0103,58.999327
2019-05-05 04:45:18,sell,5730,0.1592,912.216
2019-05-05 04:45:38,sell,5730,0.3,1719
2019-05-05 04:45:42,sell,5730,0.2,1146
2019-05-05 04:45:42,sell,5730,0.1958,1121.934
2019-05-05 04:45:42,sell,5730,0.1042,597.066
2019-05-05 04:45:45,sell,5730,0.0535,306.555
2019-05-05 04:46:23,buy,5730.06,0.0013,7.449078
2019-05-05 04:46:56,sell,5730.86,0.003,17.19258
2019-05-05 04:46:56,sell,5735.28,0.0022,12.617616
2019-05-05 04:47:47,sell,5735.28,0.0098,56.205744
2019-05-05 04:49:14,buy,5730.14,0.0011,6.303154
2019-05-05 04:49:47,sell,5735.28,0.008,45.88224
2019-05-05 04:51:19,sell,5735.26,0.0513,294.218838
2019-05-05 04:51:46,sell,5735.29,0.02,114.7058
2019-05-05 04:51:46,sell,5735.29,0.005,28.67645
2019-05-05 04:52:45,sell,5734.25,0.0006,3.44055
2019-05-05 04:52:45,sell,5739.98,0.1546,887.400908
2019-05-05 04:54:52,buy,5736.11,0.0006,3.441666
2019-05-05 04:56:19,sell,5740,0.051,292.74
2019-05-05 04:57:02,sell,5743.15,0.0006,3.44589
2019-05-05 04:57:02,sell,5743.82,0.002,11.48764
2019-05-05 04:57:11,sell,5743.82,0.00000000,0
2019-05-05 04:57:11,sell,5745.44,0.005,28.7272
2019-05-05 04:57:12,sell,5745.44,0.00000000,0
2019-05-05 04:57:41,buy,5742.7,0.0004,2.29708
2019-05-05 04:59:11,sell,5742,0.0986,566.1612
2019-05-05 04:59:11,sell,5742,0.0001,0.5742
2019-05-05 04:59:11,sell,5745.86,0.003,17.23758
2019-05-05 04:59:11,sell,5748.19,0.0944,542.629136
2019-05-05 04:59:25,sell,5749,0.0248,142.5752
2019-05-05 04:59:35,sell,5749,0.0052,29.8948
2019-05-05 04:59:35,sell,5749.02,0.0002,1.149804
2019-05-05 04:59:35,sell,5749.87,0.1001,575.561987
2019-05-05 04:59:35,sell,5750,0.0999,574.425
2019-05-05 04:59:36,sell,5750,0.3,1725
2019-05-05 04:59:37,sell,5750,0.2,1150
2019-05-05 04:59:38,sell,5750,0.4001,2300.575
2019-05-05 04:59:39,sell,5755.86,0.003,17.26758
2019-05-05 04:59:39,sell,5757.63,0.297,1710.01611
2019-05-05 04:59:39,buy,5749.99,0.0721,414.574279
2019-05-05 04:59:39,buy,5749.99,0.2279,1310.422721
2019-05-05 04:59:39,sell,5757.63,0.003,17.27289
2019-05-05 04:59:39,sell,5758,0.397,2285.926
2019-05-05 04:59:48,buy,5751.31,0.0354,203.596374
2019-05-05 04:59:53,sell,5758,0.0839,483.0962
2019-05-05 05:00:27,sell,5752.24,0.0003,1.725672
2019-05-05 05:00:30,sell,5758,0.3741,2154.0678
2019-05-05 05:00:33,sell,5760,0.0765,440.64
2019-05-05 05:01:28,sell,5765.41,0.0405,233.499105
2019-05-05 05:01:46,sell,5765.41,0.1648,950.139568
2019-05-05 05:02:05,sell,5765.41,0.5977,3445.985557
2019-05-05 05:02:05,sell,5765.44,0.002,11.53088
2019-05-05 05:02:59,sell,5770,0.0003,1.731
2019-05-05 05:03:02,sell,5770.86,0.003,17.31258
2019-05-05 05:03:05,sell,5775.98,0.3,1732.794
2019-05-05 05:03:05,sell,5776,0.061,352.336
2019-05-05 05:03:08,sell,5778,0.1,577.8
2019-05-05 05:03:08,sell,5778.97,0.1,577.897
